%YAML 1.1
%TAG !u! tag:unity3d.com,2011:
--- !u!95 &3184070304870544847
Animator:
  serializedVersion: 3
  m_ObjectHideFlags: 0
  m_CorrespondingSourceObject: {fileID: 0}
  m_PrefabInstance: {fileID: 0}
  m_PrefabAsset: {fileID: 0}
  m_GameObject: {fileID: 2373817856222595229}
  m_Enabled: 1
  m_Avatar: {fileID: 0}
  m_Controller: {fileID: 9100000, guid: c7319d0357d9e8840a18e984c6bd7854, type: 2}
  m_CullingMode: 0
  m_UpdateMode: 0
  m_ApplyRootMotion: 0
  m_LinearVelocityBlending: 0
  m_WarningMessage: 
  m_HasTransformHierarchy: 1
  m_AllowConstantClipSamplingOptimization: 1
  m_KeepAnimatorControllerStateOnDisable: 0
--- !u!1 &3184070305106251485
GameObject:
  m_ObjectHideFlags: 0
  m_CorrespondingSourceObject: {fileID: 0}
  m_PrefabInstance: {fileID: 0}
  m_PrefabAsset: {fileID: 0}
  serializedVersion: 6
  m_Component:
  - component: {fileID: 3184070305106251486}
  - component: {fileID: 3184070305106251487}
  m_Layer: 12
  m_Name: GameObject
  m_TagString: Untagged
  m_Icon: {fileID: 0}
  m_NavMeshLayer: 0
  m_StaticEditorFlags: 0
  m_IsActive: 1
--- !u!4 &3184070305106251486
Transform:
  m_ObjectHideFlags: 0
  m_CorrespondingSourceObject: {fileID: 0}
  m_PrefabInstance: {fileID: 0}
  m_PrefabAsset: {fileID: 0}
  m_GameObject: {fileID: 3184070305106251485}
  m_LocalRotation: {x: -0, y: -0, z: -0, w: 1}
  m_LocalPosition: {x: 0.22, y: 2.44, z: 0}
  m_LocalScale: {x: 1, y: 1, z: 1}
  m_Children: []
  m_Father: {fileID: 3151022685275869735}
  m_RootOrder: 2
  m_LocalEulerAnglesHint: {x: 0, y: 0, z: 0}
--- !u!135 &3184070305106251487
SphereCollider:
  m_ObjectHideFlags: 0
  m_CorrespondingSourceObject: {fileID: 0}
  m_PrefabInstance: {fileID: 0}
  m_PrefabAsset: {fileID: 0}
  m_GameObject: {fileID: 3184070305106251485}
  m_Material: {fileID: 0}
  m_IsTrigger: 0
  m_Enabled: 1
  serializedVersion: 2
  m_Radius: 1.9
  m_Center: {x: 0, y: 0, z: 0}
--- !u!1 &3184070305699636475
GameObject:
  m_ObjectHideFlags: 0
  m_CorrespondingSourceObject: {fileID: 0}
  m_PrefabInstance: {fileID: 0}
  m_PrefabAsset: {fileID: 0}
  serializedVersion: 6
  m_Component:
  - component: {fileID: 3184070305699636477}
  - component: {fileID: 3184070305699636476}
  - component: {fileID: 7115612911009675324}
  - component: {fileID: 7448191607841908996}
  m_Layer: 12
  m_Name: SpikeFish
  m_TagString: Untagged
  m_Icon: {fileID: 0}
  m_NavMeshLayer: 0
  m_StaticEditorFlags: 0
  m_IsActive: 1
--- !u!4 &3184070305699636477
Transform:
  m_ObjectHideFlags: 0
  m_CorrespondingSourceObject: {fileID: 0}
  m_PrefabInstance: {fileID: 0}
  m_PrefabAsset: {fileID: 0}
  m_GameObject: {fileID: 3184070305699636475}
  m_LocalRotation: {x: 0, y: 0, z: 0, w: 1}
  m_LocalPosition: {x: 0, y: 0, z: 0}
  m_LocalScale: {x: 1, y: 1, z: 1}
  m_Children:
  - {fileID: 3151022685275869735}
  m_Father: {fileID: 0}
  m_RootOrder: 0
  m_LocalEulerAnglesHint: {x: 0, y: 0, z: 0}
--- !u!114 &3184070305699636476
MonoBehaviour:
  m_ObjectHideFlags: 0
  m_CorrespondingSourceObject: {fileID: 0}
  m_PrefabInstance: {fileID: 0}
  m_PrefabAsset: {fileID: 0}
  m_GameObject: {fileID: 3184070305699636475}
  m_Enabled: 1
  m_EditorHideFlags: 0
  m_Script: {fileID: 11500000, guid: 8abab9e448f3a044fb0e3584f7050727, type: 3}
  m_Name: 
  m_EditorClassIdentifier: 
  animator: {fileID: 3184070304870544847}
  gasChange: -10
  chargeTime: 0.1
  alive: 1
  GasForceRatio: 1
--- !u!95 &7115612911009675324
Animator:
  serializedVersion: 3
  m_ObjectHideFlags: 0
  m_CorrespondingSourceObject: {fileID: 0}
  m_PrefabInstance: {fileID: 0}
  m_PrefabAsset: {fileID: 0}
  m_GameObject: {fileID: 3184070305699636475}
  m_Enabled: 1
  m_Avatar: {fileID: 0}
  m_Controller: {fileID: 9100000, guid: 6beef3254dea14b40b191196abf9db06, type: 2}
  m_CullingMode: 0
  m_UpdateMode: 0
  m_ApplyRootMotion: 0
  m_LinearVelocityBlending: 0
  m_WarningMessage: 
  m_HasTransformHierarchy: 1
  m_AllowConstantClipSamplingOptimization: 1
  m_KeepAnimatorControllerStateOnDisable: 0
--- !u!54 &7448191607841908996
Rigidbody:
  m_ObjectHideFlags: 0
  m_CorrespondingSourceObject: {fileID: 0}
  m_PrefabInstance: {fileID: 0}
  m_PrefabAsset: {fileID: 0}
  m_GameObject: {fileID: 3184070305699636475}
  serializedVersion: 2
  m_Mass: 1
  m_Drag: 0
  m_AngularDrag: 0.05
  m_UseGravity: 0
  m_IsKinematic: 1
  m_Interpolate: 0
  m_Constraints: 0
  m_CollisionDetection: 0
--- !u!1001 &3184070304870544844
PrefabInstance:
  m_ObjectHideFlags: 0
  serializedVersion: 2
  m_Modification:
    m_TransformParent: {fileID: 3184070305699636477}
    m_Modifications:
    - target: {fileID: -8965811294570246362, guid: 56b10e2e7df15404e995de84ef65d562,
        type: 3}
      propertyPath: m_LocalEulerAnglesHint.x
      value: 1.0436921e-14
      objectReference: {fileID: 0}
    - target: {fileID: -8965811294570246362, guid: 56b10e2e7df15404e995de84ef65d562,
        type: 3}
      propertyPath: m_LocalEulerAnglesHint.y
      value: 94.72749
      objectReference: {fileID: 0}
    - target: {fileID: -8965811294570246362, guid: 56b10e2e7df15404e995de84ef65d562,
        type: 3}
      propertyPath: m_LocalEulerAnglesHint.z
      value: 4.2464679e-16
      objectReference: {fileID: 0}
    - target: {fileID: -8679921383154817045, guid: 56b10e2e7df15404e995de84ef65d562,
        type: 3}
      propertyPath: m_LocalPosition.x
      value: -0.22
      objectReference: {fileID: 0}
    - target: {fileID: -8679921383154817045, guid: 56b10e2e7df15404e995de84ef65d562,
        type: 3}
      propertyPath: m_LocalPosition.y
      value: -2.44
      objectReference: {fileID: 0}
    - target: {fileID: -8679921383154817045, guid: 56b10e2e7df15404e995de84ef65d562,
        type: 3}
      propertyPath: m_LocalPosition.z
      value: 0
      objectReference: {fileID: 0}
    - target: {fileID: -8679921383154817045, guid: 56b10e2e7df15404e995de84ef65d562,
        type: 3}
      propertyPath: m_LocalRotation.x
      value: 0
      objectReference: {fileID: 0}
    - target: {fileID: -8679921383154817045, guid: 56b10e2e7df15404e995de84ef65d562,
        type: 3}
      propertyPath: m_LocalRotation.y
      value: 1
      objectReference: {fileID: 0}
    - target: {fileID: -8679921383154817045, guid: 56b10e2e7df15404e995de84ef65d562,
        type: 3}
      propertyPath: m_LocalRotation.z
      value: 0
      objectReference: {fileID: 0}
    - target: {fileID: -8679921383154817045, guid: 56b10e2e7df15404e995de84ef65d562,
        type: 3}
      propertyPath: m_LocalRotation.w
      value: 0
      objectReference: {fileID: 0}
    - target: {fileID: -8679921383154817045, guid: 56b10e2e7df15404e995de84ef65d562,
        type: 3}
      propertyPath: m_RootOrder
      value: 0
      objectReference: {fileID: 0}
    - target: {fileID: -8679921383154817045, guid: 56b10e2e7df15404e995de84ef65d562,
        type: 3}
      propertyPath: m_LocalEulerAnglesHint.x
      value: 0
      objectReference: {fileID: 0}
    - target: {fileID: -8679921383154817045, guid: 56b10e2e7df15404e995de84ef65d562,
        type: 3}
      propertyPath: m_LocalEulerAnglesHint.y
      value: 180
      objectReference: {fileID: 0}
    - target: {fileID: -8679921383154817045, guid: 56b10e2e7df15404e995de84ef65d562,
        type: 3}
      propertyPath: m_LocalEulerAnglesHint.z
      value: 0
      objectReference: {fileID: 0}
    - target: {fileID: -6908114852058204940, guid: 56b10e2e7df15404e995de84ef65d562,
        type: 3}
      propertyPath: m_Materials.Array.data[0]
      value: 
      objectReference: {fileID: 2100000, guid: cc2118801b28bb94fa33601ef70d8c98, type: 2}
    - target: {fileID: -6341215713226772190, guid: 56b10e2e7df15404e995de84ef65d562,
        type: 3}
      propertyPath: m_LocalEulerAnglesHint.y
      value: -90
      objectReference: {fileID: 0}
    - target: {fileID: -5107054126005254486, guid: 56b10e2e7df15404e995de84ef65d562,
        type: 3}
      propertyPath: m_LocalEulerAnglesHint.y
      value: -90
      objectReference: {fileID: 0}
    - target: {fileID: -5017856359077808804, guid: 56b10e2e7df15404e995de84ef65d562,
        type: 3}
      propertyPath: m_Layer
      value: 12
      objectReference: {fileID: 0}
    - target: {fileID: -3750719080833995415, guid: 56b10e2e7df15404e995de84ef65d562,
        type: 3}
      propertyPath: m_Layer
      value: 12
      objectReference: {fileID: 0}
    - target: {fileID: -3390773446478850511, guid: 56b10e2e7df15404e995de84ef65d562,
        type: 3}
      propertyPath: m_Layer
      value: 12
      objectReference: {fileID: 0}
    - target: {fileID: -3194351353511984931, guid: 56b10e2e7df15404e995de84ef65d562,
        type: 3}
      propertyPath: m_LocalEulerAnglesHint.x
      value: -4.9958973e-15
      objectReference: {fileID: 0}
    - target: {fileID: -3194351353511984931, guid: 56b10e2e7df15404e995de84ef65d562,
        type: 3}
      propertyPath: m_LocalEulerAnglesHint.y
      value: 90
      objectReference: {fileID: 0}
    - target: {fileID: -3194351353511984931, guid: 56b10e2e7df15404e995de84ef65d562,
        type: 3}
      propertyPath: m_LocalEulerAnglesHint.z
      value: 180
      objectReference: {fileID: 0}
    - target: {fileID: -2797864980895152918, guid: 56b10e2e7df15404e995de84ef65d562,
        type: 3}
      propertyPath: m_Layer
      value: 12
      objectReference: {fileID: 0}
    - target: {fileID: -2240151287705473546, guid: 56b10e2e7df15404e995de84ef65d562,
        type: 3}
      propertyPath: m_Layer
      value: 12
      objectReference: {fileID: 0}
    - target: {fileID: -412989040442181847, guid: 56b10e2e7df15404e995de84ef65d562,
        type: 3}
      propertyPath: m_Layer
      value: 12
      objectReference: {fileID: 0}
    - target: {fileID: 919132149155446097, guid: 56b10e2e7df15404e995de84ef65d562,
        type: 3}
      propertyPath: m_Name
      value: Root
      objectReference: {fileID: 0}
    - target: {fileID: 919132149155446097, guid: 56b10e2e7df15404e995de84ef65d562,
        type: 3}
      propertyPath: m_Layer
      value: 12
      objectReference: {fileID: 0}
    - target: {fileID: 1494661368153750016, guid: 56b10e2e7df15404e995de84ef65d562,
        type: 3}
      propertyPath: m_Layer
      value: 12
      objectReference: {fileID: 0}
    - target: {fileID: 3536579253233973871, guid: 56b10e2e7df15404e995de84ef65d562,
        type: 3}
      propertyPath: m_LocalEulerAnglesHint.y
      value: -90
      objectReference: {fileID: 0}
    - target: {fileID: 4918753458281921464, guid: 56b10e2e7df15404e995de84ef65d562,
        type: 3}
      propertyPath: m_LocalEulerAnglesHint.y
      value: -9.81351
      objectReference: {fileID: 0}
    - target: {fileID: 6104358894310090994, guid: 56b10e2e7df15404e995de84ef65d562,
        type: 3}
      propertyPath: m_Layer
      value: 12
      objectReference: {fileID: 0}
    - target: {fileID: 7006141857356425457, guid: 56b10e2e7df15404e995de84ef65d562,
        type: 3}
      propertyPath: m_LocalEulerAnglesHint.y
      value: -90
      objectReference: {fileID: 0}
    - target: {fileID: 7388993428945836989, guid: 56b10e2e7df15404e995de84ef65d562,
        type: 3}
      propertyPath: m_Layer
      value: 12
      objectReference: {fileID: 0}
    - target: {fileID: 7391324054573851068, guid: 56b10e2e7df15404e995de84ef65d562,
        type: 3}
      propertyPath: m_LocalEulerAnglesHint.x
      value: 5.9767073e-15
      objectReference: {fileID: 0}
    - target: {fileID: 7391324054573851068, guid: 56b10e2e7df15404e995de84ef65d562,
        type: 3}
      propertyPath: m_LocalEulerAnglesHint.y
      value: -160.92561
      objectReference: {fileID: 0}
    - target: {fileID: 7391324054573851068, guid: 56b10e2e7df15404e995de84ef65d562,
        type: 3}
      propertyPath: m_LocalEulerAnglesHint.z
      value: 8.1723475e-15
      objectReference: {fileID: 0}
    - target: {fileID: 7771394960923301217, guid: 56b10e2e7df15404e995de84ef65d562,
        type: 3}
      propertyPath: m_LocalEulerAnglesHint.y
      value: 90
      objectReference: {fileID: 0}
    - target: {fileID: 9122559995493457695, guid: 56b10e2e7df15404e995de84ef65d562,
        type: 3}
      propertyPath: m_Layer
      value: 12
      objectReference: {fileID: 0}
    m_RemovedComponents: []
  m_SourcePrefab: {fileID: 100100000, guid: 56b10e2e7df15404e995de84ef65d562, type: 3}
--- !u!1 &2373817856222595229 stripped
GameObject:
  m_CorrespondingSourceObject: {fileID: 919132149155446097, guid: 56b10e2e7df15404e995de84ef65d562,
    type: 3}
  m_PrefabInstance: {fileID: 3184070304870544844}
  m_PrefabAsset: {fileID: 0}
--- !u!4 &3151022685275869735 stripped
Transform:
  m_CorrespondingSourceObject: {fileID: -8679921383154817045, guid: 56b10e2e7df15404e995de84ef65d562,
    type: 3}
  m_PrefabInstance: {fileID: 3184070304870544844}
  m_PrefabAsset: {fileID: 0}
