%YAML 1.1
%TAG !u! tag:unity3d.com,2011:
--- !u!1 &1190892611535984076
GameObject:
  m_ObjectHideFlags: 0
  m_CorrespondingSourceObject: {fileID: 0}
  m_PrefabInstance: {fileID: 0}
  m_PrefabAsset: {fileID: 0}
  serializedVersion: 6
  m_Component:
  - component: {fileID: 1190892611535984077}
  m_Layer: 0
  m_Name: Level2
  m_TagString: Untagged
  m_Icon: {fileID: 0}
  m_NavMeshLayer: 0
  m_StaticEditorFlags: 0
  m_IsActive: 1
--- !u!4 &1190892611535984077
Transform:
  m_ObjectHideFlags: 0
  m_CorrespondingSourceObject: {fileID: 0}
  m_PrefabInstance: {fileID: 0}
  m_PrefabAsset: {fileID: 0}
  m_GameObject: {fileID: 1190892611535984076}
  m_LocalRotation: {x: 0, y: 0, z: 0, w: 1}
  m_LocalPosition: {x: 0, y: 0, z: 0}
  m_LocalScale: {x: 1, y: 1, z: 1}
  m_Children:
  - {fileID: 1660807882784029303}
  - {fileID: 7803338042666853649}
  - {fileID: 6280155697905468474}
  - {fileID: 6631237625804443360}
  - {fileID: 4070571320440573833}
  - {fileID: 1299914813609528214}
  - {fileID: 8934179285232684023}
  - {fileID: 3228294492986100727}
  - {fileID: 4302070919609037880}
  - {fileID: 1460114421132825319}
  - {fileID: 8119265152921131461}
  - {fileID: 1375385636851274083}
  - {fileID: 1322141550104126588}
  - {fileID: 3314334758773996749}
  - {fileID: 5946894504732665257}
  - {fileID: 6124016862570296125}
  - {fileID: 6358089124067605831}
  - {fileID: 7365045229350010854}
  - {fileID: 1456280100272786770}
  - {fileID: 6333449428710622653}
  - {fileID: 1241397634010860195}
  - {fileID: 7797282787655265729}
  - {fileID: 6923070321627084043}
  m_Father: {fileID: 0}
  m_RootOrder: 0
  m_LocalEulerAnglesHint: {x: 0, y: 0, z: 0}
--- !u!64 &1006199738762044786
MeshCollider:
  m_ObjectHideFlags: 0
  m_CorrespondingSourceObject: {fileID: 0}
  m_PrefabInstance: {fileID: 0}
  m_PrefabAsset: {fileID: 0}
  m_GameObject: {fileID: 3432873700461457724}
  m_Material: {fileID: 0}
  m_IsTrigger: 0
  m_Enabled: 1
  serializedVersion: 4
  m_Convex: 0
  m_CookingOptions: 30
  m_Mesh: {fileID: 7212979588193783061, guid: 0427cc421de8fff4dbaca9eefeabe427, type: 3}
--- !u!64 &4407516899977228456
MeshCollider:
  m_ObjectHideFlags: 0
  m_CorrespondingSourceObject: {fileID: 0}
  m_PrefabInstance: {fileID: 0}
  m_PrefabAsset: {fileID: 0}
  m_GameObject: {fileID: 3837568996952628830}
  m_Material: {fileID: 0}
  m_IsTrigger: 0
  m_Enabled: 1
  serializedVersion: 4
  m_Convex: 0
  m_CookingOptions: 30
  m_Mesh: {fileID: 381871067865048503, guid: 0427cc421de8fff4dbaca9eefeabe427, type: 3}
--- !u!64 &8268654858666386486
MeshCollider:
  m_ObjectHideFlags: 0
  m_CorrespondingSourceObject: {fileID: 0}
  m_PrefabInstance: {fileID: 0}
  m_PrefabAsset: {fileID: 0}
  m_GameObject: {fileID: 5434957486055214694}
  m_Material: {fileID: 0}
  m_IsTrigger: 0
  m_Enabled: 1
  serializedVersion: 4
  m_Convex: 0
  m_CookingOptions: 30
  m_Mesh: {fileID: -4927552769835740586, guid: 0427cc421de8fff4dbaca9eefeabe427, type: 3}
--- !u!64 &8864953896885959292
MeshCollider:
  m_ObjectHideFlags: 0
  m_CorrespondingSourceObject: {fileID: 0}
  m_PrefabInstance: {fileID: 0}
  m_PrefabAsset: {fileID: 0}
  m_GameObject: {fileID: 5736354107065982365}
  m_Material: {fileID: 0}
  m_IsTrigger: 0
  m_Enabled: 1
  serializedVersion: 4
  m_Convex: 0
  m_CookingOptions: 30
  m_Mesh: {fileID: 6773855715156597381, guid: 0427cc421de8fff4dbaca9eefeabe427, type: 3}
--- !u!64 &2413182364618782494
MeshCollider:
  m_ObjectHideFlags: 0
  m_CorrespondingSourceObject: {fileID: 0}
  m_PrefabInstance: {fileID: 0}
  m_PrefabAsset: {fileID: 0}
  m_GameObject: {fileID: 6476509400915717569}
  m_Material: {fileID: 0}
  m_IsTrigger: 0
  m_Enabled: 1
  serializedVersion: 4
  m_Convex: 0
  m_CookingOptions: 30
  m_Mesh: {fileID: 7526758761960812620, guid: 0427cc421de8fff4dbaca9eefeabe427, type: 3}
--- !u!1001 &212396213531200298
PrefabInstance:
  m_ObjectHideFlags: 0
  serializedVersion: 2
  m_Modification:
    m_TransformParent: {fileID: 1190892611535984077}
    m_Modifications:
    - target: {fileID: 7982373436722767595, guid: b53086ab71c45d541b96c37d2759d732,
        type: 3}
      propertyPath: m_LocalPosition.x
      value: 127.14
      objectReference: {fileID: 0}
    - target: {fileID: 7982373436722767595, guid: b53086ab71c45d541b96c37d2759d732,
        type: 3}
      propertyPath: m_LocalPosition.y
      value: -12.02
      objectReference: {fileID: 0}
    - target: {fileID: 7982373436722767595, guid: b53086ab71c45d541b96c37d2759d732,
        type: 3}
      propertyPath: m_LocalPosition.z
      value: 0
      objectReference: {fileID: 0}
    - target: {fileID: 7982373436722767595, guid: b53086ab71c45d541b96c37d2759d732,
        type: 3}
      propertyPath: m_LocalRotation.x
      value: -0
      objectReference: {fileID: 0}
    - target: {fileID: 7982373436722767595, guid: b53086ab71c45d541b96c37d2759d732,
        type: 3}
      propertyPath: m_LocalRotation.y
      value: -0
      objectReference: {fileID: 0}
    - target: {fileID: 7982373436722767595, guid: b53086ab71c45d541b96c37d2759d732,
        type: 3}
      propertyPath: m_LocalRotation.z
      value: -0
      objectReference: {fileID: 0}
    - target: {fileID: 7982373436722767595, guid: b53086ab71c45d541b96c37d2759d732,
        type: 3}
      propertyPath: m_LocalRotation.w
      value: 1
      objectReference: {fileID: 0}
    - target: {fileID: 7982373436722767595, guid: b53086ab71c45d541b96c37d2759d732,
        type: 3}
      propertyPath: m_RootOrder
      value: 21
      objectReference: {fileID: 0}
    - target: {fileID: 7982373436722767595, guid: b53086ab71c45d541b96c37d2759d732,
        type: 3}
      propertyPath: m_LocalEulerAnglesHint.x
      value: 0
      objectReference: {fileID: 0}
    - target: {fileID: 7982373436722767595, guid: b53086ab71c45d541b96c37d2759d732,
        type: 3}
      propertyPath: m_LocalEulerAnglesHint.y
      value: 0
      objectReference: {fileID: 0}
    - target: {fileID: 7982373436722767595, guid: b53086ab71c45d541b96c37d2759d732,
        type: 3}
      propertyPath: m_LocalEulerAnglesHint.z
      value: 0
      objectReference: {fileID: 0}
    - target: {fileID: 7982373436722767599, guid: b53086ab71c45d541b96c37d2759d732,
        type: 3}
      propertyPath: m_Name
      value: Coin (1)
      objectReference: {fileID: 0}
    m_RemovedComponents: []
  m_SourcePrefab: {fileID: 100100000, guid: b53086ab71c45d541b96c37d2759d732, type: 3}
--- !u!4 &7797282787655265729 stripped
Transform:
  m_CorrespondingSourceObject: {fileID: 7982373436722767595, guid: b53086ab71c45d541b96c37d2759d732,
    type: 3}
  m_PrefabInstance: {fileID: 212396213531200298}
  m_PrefabAsset: {fileID: 0}
--- !u!1001 &644845721455450381
PrefabInstance:
  m_ObjectHideFlags: 0
  serializedVersion: 2
  m_Modification:
    m_TransformParent: {fileID: 1190892611535984077}
    m_Modifications:
    - target: {fileID: 7982373436722767595, guid: 4bc900372d6437041b4b736b0a2874ab,
        type: 3}
      propertyPath: m_LocalPosition.x
      value: 48.71
      objectReference: {fileID: 0}
    - target: {fileID: 7982373436722767595, guid: 4bc900372d6437041b4b736b0a2874ab,
        type: 3}
      propertyPath: m_LocalPosition.y
      value: 16.4
      objectReference: {fileID: 0}
    - target: {fileID: 7982373436722767595, guid: 4bc900372d6437041b4b736b0a2874ab,
        type: 3}
      propertyPath: m_LocalPosition.z
      value: 0
      objectReference: {fileID: 0}
    - target: {fileID: 7982373436722767595, guid: 4bc900372d6437041b4b736b0a2874ab,
        type: 3}
      propertyPath: m_LocalRotation.x
      value: -0
      objectReference: {fileID: 0}
    - target: {fileID: 7982373436722767595, guid: 4bc900372d6437041b4b736b0a2874ab,
        type: 3}
      propertyPath: m_LocalRotation.y
      value: -0
      objectReference: {fileID: 0}
    - target: {fileID: 7982373436722767595, guid: 4bc900372d6437041b4b736b0a2874ab,
        type: 3}
      propertyPath: m_LocalRotation.z
      value: -0
      objectReference: {fileID: 0}
    - target: {fileID: 7982373436722767595, guid: 4bc900372d6437041b4b736b0a2874ab,
        type: 3}
      propertyPath: m_LocalRotation.w
      value: 1
      objectReference: {fileID: 0}
    - target: {fileID: 7982373436722767595, guid: 4bc900372d6437041b4b736b0a2874ab,
        type: 3}
      propertyPath: m_RootOrder
      value: 17
      objectReference: {fileID: 0}
    - target: {fileID: 7982373436722767595, guid: 4bc900372d6437041b4b736b0a2874ab,
        type: 3}
      propertyPath: m_LocalEulerAnglesHint.x
      value: 0
      objectReference: {fileID: 0}
    - target: {fileID: 7982373436722767595, guid: 4bc900372d6437041b4b736b0a2874ab,
        type: 3}
      propertyPath: m_LocalEulerAnglesHint.y
      value: 0
      objectReference: {fileID: 0}
    - target: {fileID: 7982373436722767595, guid: 4bc900372d6437041b4b736b0a2874ab,
        type: 3}
      propertyPath: m_LocalEulerAnglesHint.z
      value: 0
      objectReference: {fileID: 0}
    - target: {fileID: 7982373436722767599, guid: 4bc900372d6437041b4b736b0a2874ab,
        type: 3}
      propertyPath: m_Name
      value: Baloon (13)
      objectReference: {fileID: 0}
    m_RemovedComponents: []
  m_SourcePrefab: {fileID: 100100000, guid: 4bc900372d6437041b4b736b0a2874ab, type: 3}
--- !u!4 &7365045229350010854 stripped
Transform:
  m_CorrespondingSourceObject: {fileID: 7982373436722767595, guid: 4bc900372d6437041b4b736b0a2874ab,
    type: 3}
  m_PrefabInstance: {fileID: 644845721455450381}
  m_PrefabAsset: {fileID: 0}
--- !u!1001 &1068683100453491680
PrefabInstance:
  m_ObjectHideFlags: 0
  serializedVersion: 2
  m_Modification:
    m_TransformParent: {fileID: 1190892611535984077}
    m_Modifications:
    - target: {fileID: 7982373436722767595, guid: b53086ab71c45d541b96c37d2759d732,
        type: 3}
      propertyPath: m_LocalPosition.x
      value: 49.33
      objectReference: {fileID: 0}
    - target: {fileID: 7982373436722767595, guid: b53086ab71c45d541b96c37d2759d732,
        type: 3}
      propertyPath: m_LocalPosition.y
      value: -5.4
      objectReference: {fileID: 0}
    - target: {fileID: 7982373436722767595, guid: b53086ab71c45d541b96c37d2759d732,
        type: 3}
      propertyPath: m_LocalPosition.z
      value: 0
      objectReference: {fileID: 0}
    - target: {fileID: 7982373436722767595, guid: b53086ab71c45d541b96c37d2759d732,
        type: 3}
      propertyPath: m_LocalRotation.x
      value: -0
      objectReference: {fileID: 0}
    - target: {fileID: 7982373436722767595, guid: b53086ab71c45d541b96c37d2759d732,
        type: 3}
      propertyPath: m_LocalRotation.y
      value: -0
      objectReference: {fileID: 0}
    - target: {fileID: 7982373436722767595, guid: b53086ab71c45d541b96c37d2759d732,
        type: 3}
      propertyPath: m_LocalRotation.z
      value: -0
      objectReference: {fileID: 0}
    - target: {fileID: 7982373436722767595, guid: b53086ab71c45d541b96c37d2759d732,
        type: 3}
      propertyPath: m_LocalRotation.w
      value: 1
      objectReference: {fileID: 0}
    - target: {fileID: 7982373436722767595, guid: b53086ab71c45d541b96c37d2759d732,
        type: 3}
      propertyPath: m_RootOrder
      value: 22
      objectReference: {fileID: 0}
    - target: {fileID: 7982373436722767595, guid: b53086ab71c45d541b96c37d2759d732,
        type: 3}
      propertyPath: m_LocalEulerAnglesHint.x
      value: 0
      objectReference: {fileID: 0}
    - target: {fileID: 7982373436722767595, guid: b53086ab71c45d541b96c37d2759d732,
        type: 3}
      propertyPath: m_LocalEulerAnglesHint.y
      value: 0
      objectReference: {fileID: 0}
    - target: {fileID: 7982373436722767595, guid: b53086ab71c45d541b96c37d2759d732,
        type: 3}
      propertyPath: m_LocalEulerAnglesHint.z
      value: 0
      objectReference: {fileID: 0}
    - target: {fileID: 7982373436722767599, guid: b53086ab71c45d541b96c37d2759d732,
        type: 3}
      propertyPath: m_Name
      value: Coin (2)
      objectReference: {fileID: 0}
    m_RemovedComponents: []
  m_SourcePrefab: {fileID: 100100000, guid: b53086ab71c45d541b96c37d2759d732, type: 3}
--- !u!4 &6923070321627084043 stripped
Transform:
  m_CorrespondingSourceObject: {fileID: 7982373436722767595, guid: b53086ab71c45d541b96c37d2759d732,
    type: 3}
  m_PrefabInstance: {fileID: 1068683100453491680}
  m_PrefabAsset: {fileID: 0}
--- !u!1001 &1190892611116719516
PrefabInstance:
  m_ObjectHideFlags: 0
  serializedVersion: 2
  m_Modification:
    m_TransformParent: {fileID: 1190892611535984077}
    m_Modifications:
    - target: {fileID: -8679921383154817045, guid: 0427cc421de8fff4dbaca9eefeabe427,
        type: 3}
      propertyPath: m_RootOrder
      value: 0
      objectReference: {fileID: 0}
    - target: {fileID: -8679921383154817045, guid: 0427cc421de8fff4dbaca9eefeabe427,
        type: 3}
      propertyPath: m_LocalPosition.x
      value: 116.2
      objectReference: {fileID: 0}
    - target: {fileID: -8679921383154817045, guid: 0427cc421de8fff4dbaca9eefeabe427,
        type: 3}
      propertyPath: m_LocalPosition.y
      value: -5.1
      objectReference: {fileID: 0}
    - target: {fileID: -8679921383154817045, guid: 0427cc421de8fff4dbaca9eefeabe427,
        type: 3}
      propertyPath: m_LocalPosition.z
      value: 0
      objectReference: {fileID: 0}
    - target: {fileID: -8679921383154817045, guid: 0427cc421de8fff4dbaca9eefeabe427,
        type: 3}
      propertyPath: m_LocalRotation.w
      value: 0
      objectReference: {fileID: 0}
    - target: {fileID: -8679921383154817045, guid: 0427cc421de8fff4dbaca9eefeabe427,
        type: 3}
      propertyPath: m_LocalRotation.x
      value: -0
      objectReference: {fileID: 0}
    - target: {fileID: -8679921383154817045, guid: 0427cc421de8fff4dbaca9eefeabe427,
        type: 3}
      propertyPath: m_LocalRotation.y
      value: 1
      objectReference: {fileID: 0}
    - target: {fileID: -8679921383154817045, guid: 0427cc421de8fff4dbaca9eefeabe427,
        type: 3}
      propertyPath: m_LocalRotation.z
      value: -0
      objectReference: {fileID: 0}
    - target: {fileID: -8679921383154817045, guid: 0427cc421de8fff4dbaca9eefeabe427,
        type: 3}
      propertyPath: m_LocalEulerAnglesHint.x
      value: 0
      objectReference: {fileID: 0}
    - target: {fileID: -8679921383154817045, guid: 0427cc421de8fff4dbaca9eefeabe427,
        type: 3}
      propertyPath: m_LocalEulerAnglesHint.y
      value: 0
      objectReference: {fileID: 0}
    - target: {fileID: -8679921383154817045, guid: 0427cc421de8fff4dbaca9eefeabe427,
        type: 3}
      propertyPath: m_LocalEulerAnglesHint.z
      value: 0
      objectReference: {fileID: 0}
    - target: {fileID: -7997715826025654727, guid: 0427cc421de8fff4dbaca9eefeabe427,
        type: 3}
      propertyPath: m_Materials.Array.data[0]
      value: 
      objectReference: {fileID: 2100000, guid: 0e1121725c6f3194299227b706f204cb, type: 2}
    - target: {fileID: -7033114265792465793, guid: 0427cc421de8fff4dbaca9eefeabe427,
        type: 3}
      propertyPath: m_LocalPosition.y
      value: 0.67
      objectReference: {fileID: 0}
    - target: {fileID: -4673923923879465824, guid: 0427cc421de8fff4dbaca9eefeabe427,
        type: 3}
      propertyPath: m_Layer
      value: 10
      objectReference: {fileID: 0}
    - target: {fileID: -4233975772433164938, guid: 0427cc421de8fff4dbaca9eefeabe427,
        type: 3}
      propertyPath: m_Materials.Array.data[0]
      value: 
      objectReference: {fileID: 2100000, guid: 0e1121725c6f3194299227b706f204cb, type: 2}
    - target: {fileID: -4019599793896268209, guid: 0427cc421de8fff4dbaca9eefeabe427,
        type: 3}
      propertyPath: m_Materials.Array.data[0]
      value: 
      objectReference: {fileID: 2100000, guid: 0e1121725c6f3194299227b706f204cb, type: 2}
    - target: {fileID: -3933955325971861411, guid: 0427cc421de8fff4dbaca9eefeabe427,
        type: 3}
      propertyPath: m_Layer
      value: 10
      objectReference: {fileID: 0}
    - target: {fileID: -3933955325971861411, guid: 0427cc421de8fff4dbaca9eefeabe427,
        type: 3}
      propertyPath: m_IsActive
      value: 0
      objectReference: {fileID: 0}
    - target: {fileID: -3831727005737080721, guid: 0427cc421de8fff4dbaca9eefeabe427,
        type: 3}
      propertyPath: m_Materials.Array.data[0]
      value: 
      objectReference: {fileID: 2100000, guid: 0e1121725c6f3194299227b706f204cb, type: 2}
    - target: {fileID: -2600195961664564230, guid: 0427cc421de8fff4dbaca9eefeabe427,
        type: 3}
      propertyPath: m_Layer
      value: 10
      objectReference: {fileID: 0}
    - target: {fileID: 919132149155446097, guid: 0427cc421de8fff4dbaca9eefeabe427,
        type: 3}
      propertyPath: m_Name
      value: level2
      objectReference: {fileID: 0}
    - target: {fileID: 919132149155446097, guid: 0427cc421de8fff4dbaca9eefeabe427,
        type: 3}
      propertyPath: m_IsActive
      value: 1
      objectReference: {fileID: 0}
    - target: {fileID: 919132149155446097, guid: 0427cc421de8fff4dbaca9eefeabe427,
        type: 3}
      propertyPath: m_Layer
      value: 10
      objectReference: {fileID: 0}
    - target: {fileID: 1415437068549965669, guid: 0427cc421de8fff4dbaca9eefeabe427,
        type: 3}
      propertyPath: m_LocalPosition.y
      value: 14.6
      objectReference: {fileID: 0}
    - target: {fileID: 1489748061937938124, guid: 0427cc421de8fff4dbaca9eefeabe427,
        type: 3}
      propertyPath: m_Materials.Array.data[0]
      value: 
      objectReference: {fileID: 2100000, guid: 0e1121725c6f3194299227b706f204cb, type: 2}
    - target: {fileID: 2722195277209797570, guid: 0427cc421de8fff4dbaca9eefeabe427,
        type: 3}
      propertyPath: m_Layer
      value: 10
      objectReference: {fileID: 0}
    - target: {fileID: 4098861972409131487, guid: 0427cc421de8fff4dbaca9eefeabe427,
        type: 3}
      propertyPath: m_LocalPosition.y
      value: 7.4
      objectReference: {fileID: 0}
    - target: {fileID: 6853767454233624577, guid: 0427cc421de8fff4dbaca9eefeabe427,
        type: 3}
      propertyPath: m_Layer
      value: 10
      objectReference: {fileID: 0}
    m_RemovedComponents: []
  m_SourcePrefab: {fileID: 100100000, guid: 0427cc421de8fff4dbaca9eefeabe427, type: 3}
--- !u!4 &1660807882784029303 stripped
Transform:
  m_CorrespondingSourceObject: {fileID: -8679921383154817045, guid: 0427cc421de8fff4dbaca9eefeabe427,
    type: 3}
  m_PrefabInstance: {fileID: 1190892611116719516}
  m_PrefabAsset: {fileID: 0}
--- !u!1 &5736354107065982365 stripped
GameObject:
  m_CorrespondingSourceObject: {fileID: 6853767454233624577, guid: 0427cc421de8fff4dbaca9eefeabe427,
    type: 3}
  m_PrefabInstance: {fileID: 1190892611116719516}
  m_PrefabAsset: {fileID: 0}
--- !u!1 &3837568996952628830 stripped
GameObject:
  m_CorrespondingSourceObject: {fileID: 2722195277209797570, guid: 0427cc421de8fff4dbaca9eefeabe427,
    type: 3}
  m_PrefabInstance: {fileID: 1190892611116719516}
  m_PrefabAsset: {fileID: 0}
--- !u!1 &5434957486055214694 stripped
GameObject:
  m_CorrespondingSourceObject: {fileID: -2600195961664564230, guid: 0427cc421de8fff4dbaca9eefeabe427,
    type: 3}
  m_PrefabInstance: {fileID: 1190892611116719516}
  m_PrefabAsset: {fileID: 0}
--- !u!1 &3432873700461457724 stripped
GameObject:
  m_CorrespondingSourceObject: {fileID: -4673923923879465824, guid: 0427cc421de8fff4dbaca9eefeabe427,
    type: 3}
  m_PrefabInstance: {fileID: 1190892611116719516}
  m_PrefabAsset: {fileID: 0}
--- !u!1 &6476509400915717569 stripped
GameObject:
  m_CorrespondingSourceObject: {fileID: -3933955325971861411, guid: 0427cc421de8fff4dbaca9eefeabe427,
    type: 3}
  m_PrefabInstance: {fileID: 1190892611116719516}
  m_PrefabAsset: {fileID: 0}
--- !u!1001 &1529960398477683996
PrefabInstance:
  m_ObjectHideFlags: 0
  serializedVersion: 2
  m_Modification:
    m_TransformParent: {fileID: 1190892611535984077}
    m_Modifications:
    - target: {fileID: 7982373436722767595, guid: 4bc900372d6437041b4b736b0a2874ab,
        type: 3}
      propertyPath: m_LocalPosition.x
      value: 160.5
      objectReference: {fileID: 0}
    - target: {fileID: 7982373436722767595, guid: 4bc900372d6437041b4b736b0a2874ab,
        type: 3}
      propertyPath: m_LocalPosition.y
      value: -3.6
      objectReference: {fileID: 0}
    - target: {fileID: 7982373436722767595, guid: 4bc900372d6437041b4b736b0a2874ab,
        type: 3}
      propertyPath: m_LocalPosition.z
      value: 0
      objectReference: {fileID: 0}
    - target: {fileID: 7982373436722767595, guid: 4bc900372d6437041b4b736b0a2874ab,
        type: 3}
      propertyPath: m_LocalRotation.x
      value: -0
      objectReference: {fileID: 0}
    - target: {fileID: 7982373436722767595, guid: 4bc900372d6437041b4b736b0a2874ab,
        type: 3}
      propertyPath: m_LocalRotation.y
      value: -0
      objectReference: {fileID: 0}
    - target: {fileID: 7982373436722767595, guid: 4bc900372d6437041b4b736b0a2874ab,
        type: 3}
      propertyPath: m_LocalRotation.z
      value: -0
      objectReference: {fileID: 0}
    - target: {fileID: 7982373436722767595, guid: 4bc900372d6437041b4b736b0a2874ab,
        type: 3}
      propertyPath: m_LocalRotation.w
      value: 1
      objectReference: {fileID: 0}
    - target: {fileID: 7982373436722767595, guid: 4bc900372d6437041b4b736b0a2874ab,
        type: 3}
      propertyPath: m_RootOrder
      value: 6
      objectReference: {fileID: 0}
    - target: {fileID: 7982373436722767595, guid: 4bc900372d6437041b4b736b0a2874ab,
        type: 3}
      propertyPath: m_LocalEulerAnglesHint.x
      value: 0
      objectReference: {fileID: 0}
    - target: {fileID: 7982373436722767595, guid: 4bc900372d6437041b4b736b0a2874ab,
        type: 3}
      propertyPath: m_LocalEulerAnglesHint.y
      value: 0
      objectReference: {fileID: 0}
    - target: {fileID: 7982373436722767595, guid: 4bc900372d6437041b4b736b0a2874ab,
        type: 3}
      propertyPath: m_LocalEulerAnglesHint.z
      value: 0
      objectReference: {fileID: 0}
    - target: {fileID: 7982373436722767599, guid: 4bc900372d6437041b4b736b0a2874ab,
        type: 3}
      propertyPath: m_Name
      value: Baloon (2)
      objectReference: {fileID: 0}
    m_RemovedComponents: []
  m_SourcePrefab: {fileID: 100100000, guid: 4bc900372d6437041b4b736b0a2874ab, type: 3}
--- !u!4 &8934179285232684023 stripped
Transform:
  m_CorrespondingSourceObject: {fileID: 7982373436722767595, guid: 4bc900372d6437041b4b736b0a2874ab,
    type: 3}
  m_PrefabInstance: {fileID: 1529960398477683996}
  m_PrefabAsset: {fileID: 0}
--- !u!1001 &2191699385602916142
PrefabInstance:
  m_ObjectHideFlags: 0
  serializedVersion: 2
  m_Modification:
    m_TransformParent: {fileID: 1190892611535984077}
    m_Modifications:
    - target: {fileID: 7982373436722767595, guid: 4bc900372d6437041b4b736b0a2874ab,
        type: 3}
      propertyPath: m_LocalPosition.x
      value: 75.2
      objectReference: {fileID: 0}
    - target: {fileID: 7982373436722767595, guid: 4bc900372d6437041b4b736b0a2874ab,
        type: 3}
      propertyPath: m_LocalPosition.y
      value: -0.1
      objectReference: {fileID: 0}
    - target: {fileID: 7982373436722767595, guid: 4bc900372d6437041b4b736b0a2874ab,
        type: 3}
      propertyPath: m_LocalPosition.z
      value: 0
      objectReference: {fileID: 0}
    - target: {fileID: 7982373436722767595, guid: 4bc900372d6437041b4b736b0a2874ab,
        type: 3}
      propertyPath: m_LocalRotation.x
      value: -0
      objectReference: {fileID: 0}
    - target: {fileID: 7982373436722767595, guid: 4bc900372d6437041b4b736b0a2874ab,
        type: 3}
      propertyPath: m_LocalRotation.y
      value: -0
      objectReference: {fileID: 0}
    - target: {fileID: 7982373436722767595, guid: 4bc900372d6437041b4b736b0a2874ab,
        type: 3}
      propertyPath: m_LocalRotation.z
      value: -0
      objectReference: {fileID: 0}
    - target: {fileID: 7982373436722767595, guid: 4bc900372d6437041b4b736b0a2874ab,
        type: 3}
      propertyPath: m_LocalRotation.w
      value: 1
      objectReference: {fileID: 0}
    - target: {fileID: 7982373436722767595, guid: 4bc900372d6437041b4b736b0a2874ab,
        type: 3}
      propertyPath: m_RootOrder
      value: 10
      objectReference: {fileID: 0}
    - target: {fileID: 7982373436722767595, guid: 4bc900372d6437041b4b736b0a2874ab,
        type: 3}
      propertyPath: m_LocalEulerAnglesHint.x
      value: 0
      objectReference: {fileID: 0}
    - target: {fileID: 7982373436722767595, guid: 4bc900372d6437041b4b736b0a2874ab,
        type: 3}
      propertyPath: m_LocalEulerAnglesHint.y
      value: 0
      objectReference: {fileID: 0}
    - target: {fileID: 7982373436722767595, guid: 4bc900372d6437041b4b736b0a2874ab,
        type: 3}
      propertyPath: m_LocalEulerAnglesHint.z
      value: 0
      objectReference: {fileID: 0}
    - target: {fileID: 7982373436722767599, guid: 4bc900372d6437041b4b736b0a2874ab,
        type: 3}
      propertyPath: m_Name
      value: Baloon (6)
      objectReference: {fileID: 0}
    m_RemovedComponents: []
  m_SourcePrefab: {fileID: 100100000, guid: 4bc900372d6437041b4b736b0a2874ab, type: 3}
--- !u!4 &8119265152921131461 stripped
Transform:
  m_CorrespondingSourceObject: {fileID: 7982373436722767595, guid: 4bc900372d6437041b4b736b0a2874ab,
    type: 3}
  m_PrefabInstance: {fileID: 2191699385602916142}
  m_PrefabAsset: {fileID: 0}
--- !u!1001 &2948296687664178444
PrefabInstance:
  m_ObjectHideFlags: 0
  serializedVersion: 2
  m_Modification:
    m_TransformParent: {fileID: 1190892611535984077}
    m_Modifications:
    - target: {fileID: 236111711617525443, guid: 762b5682926accf4c98bbef9a2ec370e,
        type: 3}
      propertyPath: m_AnchorMin.y
      value: 0
      objectReference: {fileID: 0}
    - target: {fileID: 236111711617525443, guid: 762b5682926accf4c98bbef9a2ec370e,
        type: 3}
      propertyPath: m_AnchorMax.y
      value: 0
      objectReference: {fileID: 0}
    - target: {fileID: 236111711617525443, guid: 762b5682926accf4c98bbef9a2ec370e,
        type: 3}
      propertyPath: m_AnchoredPosition.x
      value: 0
      objectReference: {fileID: 0}
    - target: {fileID: 236111711617525443, guid: 762b5682926accf4c98bbef9a2ec370e,
        type: 3}
      propertyPath: m_AnchoredPosition.y
      value: 0
      objectReference: {fileID: 0}
    - target: {fileID: 236111711617525443, guid: 762b5682926accf4c98bbef9a2ec370e,
        type: 3}
      propertyPath: m_SizeDelta.x
      value: 0
      objectReference: {fileID: 0}
    - target: {fileID: 236111711617525443, guid: 762b5682926accf4c98bbef9a2ec370e,
        type: 3}
      propertyPath: m_SizeDelta.y
      value: 0
      objectReference: {fileID: 0}
    - target: {fileID: 772066894275310420, guid: 762b5682926accf4c98bbef9a2ec370e,
        type: 3}
      propertyPath: m_LocalPosition.y
      value: 4.76
      objectReference: {fileID: 0}
    - target: {fileID: 1496562027160745521, guid: 762b5682926accf4c98bbef9a2ec370e,
        type: 3}
      propertyPath: m_text
      value: john_weekend
      objectReference: {fileID: 0}
    - target: {fileID: 1496562027342558457, guid: 762b5682926accf4c98bbef9a2ec370e,
        type: 3}
      propertyPath: m_text
      value: batChonK
      objectReference: {fileID: 0}
    - target: {fileID: 2415353607058612607, guid: 762b5682926accf4c98bbef9a2ec370e,
        type: 3}
      propertyPath: m_IsActive
      value: 0
      objectReference: {fileID: 0}
    - target: {fileID: 3518941334632472641, guid: 762b5682926accf4c98bbef9a2ec370e,
        type: 3}
      propertyPath: m_IsActive
      value: 1
      objectReference: {fileID: 0}
    - target: {fileID: 4945359949050265775, guid: 762b5682926accf4c98bbef9a2ec370e,
        type: 3}
      propertyPath: m_AnchorMin.y
      value: 0
      objectReference: {fileID: 0}
    - target: {fileID: 4945359949050265775, guid: 762b5682926accf4c98bbef9a2ec370e,
        type: 3}
      propertyPath: m_AnchorMax.y
      value: 0
      objectReference: {fileID: 0}
    - target: {fileID: 4945359949050265775, guid: 762b5682926accf4c98bbef9a2ec370e,
        type: 3}
      propertyPath: m_AnchoredPosition.x
      value: 0
      objectReference: {fileID: 0}
    - target: {fileID: 4945359949050265775, guid: 762b5682926accf4c98bbef9a2ec370e,
        type: 3}
      propertyPath: m_AnchoredPosition.y
      value: 0
      objectReference: {fileID: 0}
    - target: {fileID: 4945359949050265775, guid: 762b5682926accf4c98bbef9a2ec370e,
        type: 3}
      propertyPath: m_SizeDelta.x
      value: 0
      objectReference: {fileID: 0}
    - target: {fileID: 4945359949050265775, guid: 762b5682926accf4c98bbef9a2ec370e,
        type: 3}
      propertyPath: m_SizeDelta.y
      value: 0
      objectReference: {fileID: 0}
    - target: {fileID: 4945359950490709934, guid: 762b5682926accf4c98bbef9a2ec370e,
        type: 3}
      propertyPath: m_LocalPosition.y
      value: 1.7600002
      objectReference: {fileID: 0}
    - target: {fileID: 4945359950631927836, guid: 762b5682926accf4c98bbef9a2ec370e,
        type: 3}
      propertyPath: m_Name
      value: LevelCommon
      objectReference: {fileID: 0}
    - target: {fileID: 4945359950631927837, guid: 762b5682926accf4c98bbef9a2ec370e,
        type: 3}
      propertyPath: m_LocalPosition.x
      value: 0
      objectReference: {fileID: 0}
    - target: {fileID: 4945359950631927837, guid: 762b5682926accf4c98bbef9a2ec370e,
        type: 3}
      propertyPath: m_LocalPosition.y
      value: 0
      objectReference: {fileID: 0}
    - target: {fileID: 4945359950631927837, guid: 762b5682926accf4c98bbef9a2ec370e,
        type: 3}
      propertyPath: m_LocalPosition.z
      value: 0
      objectReference: {fileID: 0}
    - target: {fileID: 4945359950631927837, guid: 762b5682926accf4c98bbef9a2ec370e,
        type: 3}
      propertyPath: m_LocalRotation.x
      value: 0
      objectReference: {fileID: 0}
    - target: {fileID: 4945359950631927837, guid: 762b5682926accf4c98bbef9a2ec370e,
        type: 3}
      propertyPath: m_LocalRotation.y
      value: 0
      objectReference: {fileID: 0}
    - target: {fileID: 4945359950631927837, guid: 762b5682926accf4c98bbef9a2ec370e,
        type: 3}
      propertyPath: m_LocalRotation.z
      value: 0
      objectReference: {fileID: 0}
    - target: {fileID: 4945359950631927837, guid: 762b5682926accf4c98bbef9a2ec370e,
        type: 3}
      propertyPath: m_LocalRotation.w
      value: 1
      objectReference: {fileID: 0}
    - target: {fileID: 4945359950631927837, guid: 762b5682926accf4c98bbef9a2ec370e,
        type: 3}
      propertyPath: m_RootOrder
      value: 1
      objectReference: {fileID: 0}
    - target: {fileID: 4945359950631927837, guid: 762b5682926accf4c98bbef9a2ec370e,
        type: 3}
      propertyPath: m_LocalEulerAnglesHint.x
      value: 0
      objectReference: {fileID: 0}
    - target: {fileID: 4945359950631927837, guid: 762b5682926accf4c98bbef9a2ec370e,
        type: 3}
      propertyPath: m_LocalEulerAnglesHint.y
      value: 0
      objectReference: {fileID: 0}
    - target: {fileID: 4945359950631927837, guid: 762b5682926accf4c98bbef9a2ec370e,
        type: 3}
      propertyPath: m_LocalEulerAnglesHint.z
      value: 0
      objectReference: {fileID: 0}
    - target: {fileID: 4945359950741971142, guid: 762b5682926accf4c98bbef9a2ec370e,
        type: 3}
      propertyPath: m_LocalPosition.y
      value: 1.7600002
      objectReference: {fileID: 0}
    - target: {fileID: 7306223905558641281, guid: 762b5682926accf4c98bbef9a2ec370e,
        type: 3}
      propertyPath: m_LocalScale.y
      value: 40
      objectReference: {fileID: 0}
    - target: {fileID: 7321029453947345243, guid: 762b5682926accf4c98bbef9a2ec370e,
        type: 3}
      propertyPath: currentIndex
      value: 0
      objectReference: {fileID: 0}
    - target: {fileID: 7321029453947345243, guid: 762b5682926accf4c98bbef9a2ec370e,
        type: 3}
      propertyPath: currentSkin
      value: 
      objectReference: {fileID: 3106868636430036688}
    - target: {fileID: 7990910521234784598, guid: 762b5682926accf4c98bbef9a2ec370e,
        type: 3}
      propertyPath: m_FollowOffset.x
      value: -1.89
      objectReference: {fileID: 0}
    - target: {fileID: 7990910521234784598, guid: 762b5682926accf4c98bbef9a2ec370e,
        type: 3}
      propertyPath: m_FollowOffset.y
      value: -0.71
      objectReference: {fileID: 0}
    - target: {fileID: 7990910521234784598, guid: 762b5682926accf4c98bbef9a2ec370e,
        type: 3}
      propertyPath: m_FollowOffset.z
      value: 34.8
      objectReference: {fileID: 0}
    - target: {fileID: 9109146845374828445, guid: 762b5682926accf4c98bbef9a2ec370e,
        type: 3}
      propertyPath: m_LocalPosition.y
      value: 11.97
      objectReference: {fileID: 0}
    - target: {fileID: 9109146845374828447, guid: 762b5682926accf4c98bbef9a2ec370e,
        type: 3}
      propertyPath: m_IsActive
      value: 1
      objectReference: {fileID: 0}
    - target: {fileID: 9109146845555821909, guid: 762b5682926accf4c98bbef9a2ec370e,
        type: 3}
      propertyPath: m_LocalPosition.y
      value: -2.1
      objectReference: {fileID: 0}
    m_RemovedComponents: []
  m_SourcePrefab: {fileID: 100100000, guid: 762b5682926accf4c98bbef9a2ec370e, type: 3}
--- !u!4 &7803338042666853649 stripped
Transform:
  m_CorrespondingSourceObject: {fileID: 4945359950631927837, guid: 762b5682926accf4c98bbef9a2ec370e,
    type: 3}
  m_PrefabInstance: {fileID: 2948296687664178444}
  m_PrefabAsset: {fileID: 0}
--- !u!137 &3106868636430036688 stripped
SkinnedMeshRenderer:
  m_CorrespondingSourceObject: {fileID: 285878139175422940, guid: 762b5682926accf4c98bbef9a2ec370e,
    type: 3}
  m_PrefabInstance: {fileID: 2948296687664178444}
  m_PrefabAsset: {fileID: 0}
--- !u!1001 &3961881269285755820
PrefabInstance:
  m_ObjectHideFlags: 0
  serializedVersion: 2
  m_Modification:
    m_TransformParent: {fileID: 1190892611535984077}
    m_Modifications:
    - target: {fileID: 7982373436722767595, guid: 4bc900372d6437041b4b736b0a2874ab,
        type: 3}
      propertyPath: m_LocalPosition.x
      value: 102.9
      objectReference: {fileID: 0}
    - target: {fileID: 7982373436722767595, guid: 4bc900372d6437041b4b736b0a2874ab,
        type: 3}
      propertyPath: m_LocalPosition.y
      value: 4
      objectReference: {fileID: 0}
    - target: {fileID: 7982373436722767595, guid: 4bc900372d6437041b4b736b0a2874ab,
        type: 3}
      propertyPath: m_LocalPosition.z
      value: 0
      objectReference: {fileID: 0}
    - target: {fileID: 7982373436722767595, guid: 4bc900372d6437041b4b736b0a2874ab,
        type: 3}
      propertyPath: m_LocalRotation.x
      value: -0
      objectReference: {fileID: 0}
    - target: {fileID: 7982373436722767595, guid: 4bc900372d6437041b4b736b0a2874ab,
        type: 3}
      propertyPath: m_LocalRotation.y
      value: -0
      objectReference: {fileID: 0}
    - target: {fileID: 7982373436722767595, guid: 4bc900372d6437041b4b736b0a2874ab,
        type: 3}
      propertyPath: m_LocalRotation.z
      value: -0
      objectReference: {fileID: 0}
    - target: {fileID: 7982373436722767595, guid: 4bc900372d6437041b4b736b0a2874ab,
        type: 3}
      propertyPath: m_LocalRotation.w
      value: 1
      objectReference: {fileID: 0}
    - target: {fileID: 7982373436722767595, guid: 4bc900372d6437041b4b736b0a2874ab,
        type: 3}
      propertyPath: m_RootOrder
      value: 16
      objectReference: {fileID: 0}
    - target: {fileID: 7982373436722767595, guid: 4bc900372d6437041b4b736b0a2874ab,
        type: 3}
      propertyPath: m_LocalEulerAnglesHint.x
      value: 0
      objectReference: {fileID: 0}
    - target: {fileID: 7982373436722767595, guid: 4bc900372d6437041b4b736b0a2874ab,
        type: 3}
      propertyPath: m_LocalEulerAnglesHint.y
      value: 0
      objectReference: {fileID: 0}
    - target: {fileID: 7982373436722767595, guid: 4bc900372d6437041b4b736b0a2874ab,
        type: 3}
      propertyPath: m_LocalEulerAnglesHint.z
      value: 0
      objectReference: {fileID: 0}
    - target: {fileID: 7982373436722767599, guid: 4bc900372d6437041b4b736b0a2874ab,
        type: 3}
      propertyPath: m_Name
      value: Baloon (11)
      objectReference: {fileID: 0}
    m_RemovedComponents: []
  m_SourcePrefab: {fileID: 100100000, guid: 4bc900372d6437041b4b736b0a2874ab, type: 3}
--- !u!4 &6358089124067605831 stripped
Transform:
  m_CorrespondingSourceObject: {fileID: 7982373436722767595, guid: 4bc900372d6437041b4b736b0a2874ab,
    type: 3}
  m_PrefabInstance: {fileID: 3961881269285755820}
  m_PrefabAsset: {fileID: 0}
--- !u!1001 &4036817477628488111
PrefabInstance:
  m_ObjectHideFlags: 0
  serializedVersion: 2
  m_Modification:
    m_TransformParent: {fileID: 1190892611535984077}
    m_Modifications:
    - target: {fileID: 3184070305699636475, guid: f69a970382efb014b8ffd2bc7adf90a7,
        type: 3}
      propertyPath: m_Name
      value: SpikeFish (3)
      objectReference: {fileID: 0}
    - target: {fileID: 3184070305699636477, guid: f69a970382efb014b8ffd2bc7adf90a7,
        type: 3}
      propertyPath: m_LocalPosition.x
      value: 127.9
      objectReference: {fileID: 0}
    - target: {fileID: 3184070305699636477, guid: f69a970382efb014b8ffd2bc7adf90a7,
        type: 3}
      propertyPath: m_LocalPosition.y
      value: -5.1
      objectReference: {fileID: 0}
    - target: {fileID: 3184070305699636477, guid: f69a970382efb014b8ffd2bc7adf90a7,
        type: 3}
      propertyPath: m_LocalPosition.z
      value: 0
      objectReference: {fileID: 0}
    - target: {fileID: 3184070305699636477, guid: f69a970382efb014b8ffd2bc7adf90a7,
        type: 3}
      propertyPath: m_LocalRotation.x
      value: -0
      objectReference: {fileID: 0}
    - target: {fileID: 3184070305699636477, guid: f69a970382efb014b8ffd2bc7adf90a7,
        type: 3}
      propertyPath: m_LocalRotation.y
      value: -0
      objectReference: {fileID: 0}
    - target: {fileID: 3184070305699636477, guid: f69a970382efb014b8ffd2bc7adf90a7,
        type: 3}
      propertyPath: m_LocalRotation.z
      value: -0
      objectReference: {fileID: 0}
    - target: {fileID: 3184070305699636477, guid: f69a970382efb014b8ffd2bc7adf90a7,
        type: 3}
      propertyPath: m_LocalRotation.w
      value: 1
      objectReference: {fileID: 0}
    - target: {fileID: 3184070305699636477, guid: f69a970382efb014b8ffd2bc7adf90a7,
        type: 3}
      propertyPath: m_RootOrder
      value: 18
      objectReference: {fileID: 0}
    - target: {fileID: 3184070305699636477, guid: f69a970382efb014b8ffd2bc7adf90a7,
        type: 3}
      propertyPath: m_LocalEulerAnglesHint.x
      value: 0
      objectReference: {fileID: 0}
    - target: {fileID: 3184070305699636477, guid: f69a970382efb014b8ffd2bc7adf90a7,
        type: 3}
      propertyPath: m_LocalEulerAnglesHint.y
      value: 0
      objectReference: {fileID: 0}
    - target: {fileID: 3184070305699636477, guid: f69a970382efb014b8ffd2bc7adf90a7,
        type: 3}
      propertyPath: m_LocalEulerAnglesHint.z
      value: 0
      objectReference: {fileID: 0}
    m_RemovedComponents: []
  m_SourcePrefab: {fileID: 100100000, guid: f69a970382efb014b8ffd2bc7adf90a7, type: 3}
--- !u!4 &1456280100272786770 stripped
Transform:
  m_CorrespondingSourceObject: {fileID: 3184070305699636477, guid: f69a970382efb014b8ffd2bc7adf90a7,
    type: 3}
  m_PrefabInstance: {fileID: 4036817477628488111}
  m_PrefabAsset: {fileID: 0}
--- !u!1001 &4117408168813618006
PrefabInstance:
  m_ObjectHideFlags: 0
  serializedVersion: 2
  m_Modification:
    m_TransformParent: {fileID: 1190892611535984077}
    m_Modifications:
    - target: {fileID: 7982373436722767595, guid: 4bc900372d6437041b4b736b0a2874ab,
        type: 3}
      propertyPath: m_LocalPosition.x
      value: 193.6
      objectReference: {fileID: 0}
    - target: {fileID: 7982373436722767595, guid: 4bc900372d6437041b4b736b0a2874ab,
        type: 3}
      propertyPath: m_LocalPosition.y
      value: -4.2
      objectReference: {fileID: 0}
    - target: {fileID: 7982373436722767595, guid: 4bc900372d6437041b4b736b0a2874ab,
        type: 3}
      propertyPath: m_LocalPosition.z
      value: 0
      objectReference: {fileID: 0}
    - target: {fileID: 7982373436722767595, guid: 4bc900372d6437041b4b736b0a2874ab,
        type: 3}
      propertyPath: m_LocalRotation.x
      value: -0
      objectReference: {fileID: 0}
    - target: {fileID: 7982373436722767595, guid: 4bc900372d6437041b4b736b0a2874ab,
        type: 3}
      propertyPath: m_LocalRotation.y
      value: -0
      objectReference: {fileID: 0}
    - target: {fileID: 7982373436722767595, guid: 4bc900372d6437041b4b736b0a2874ab,
        type: 3}
      propertyPath: m_LocalRotation.z
      value: -0
      objectReference: {fileID: 0}
    - target: {fileID: 7982373436722767595, guid: 4bc900372d6437041b4b736b0a2874ab,
        type: 3}
      propertyPath: m_LocalRotation.w
      value: 1
      objectReference: {fileID: 0}
    - target: {fileID: 7982373436722767595, guid: 4bc900372d6437041b4b736b0a2874ab,
        type: 3}
      propertyPath: m_RootOrder
      value: 19
      objectReference: {fileID: 0}
    - target: {fileID: 7982373436722767595, guid: 4bc900372d6437041b4b736b0a2874ab,
        type: 3}
      propertyPath: m_LocalEulerAnglesHint.x
      value: 0
      objectReference: {fileID: 0}
    - target: {fileID: 7982373436722767595, guid: 4bc900372d6437041b4b736b0a2874ab,
        type: 3}
      propertyPath: m_LocalEulerAnglesHint.y
      value: 0
      objectReference: {fileID: 0}
    - target: {fileID: 7982373436722767595, guid: 4bc900372d6437041b4b736b0a2874ab,
        type: 3}
      propertyPath: m_LocalEulerAnglesHint.z
      value: 0
      objectReference: {fileID: 0}
    - target: {fileID: 7982373436722767599, guid: 4bc900372d6437041b4b736b0a2874ab,
        type: 3}
      propertyPath: m_Name
      value: Baloon (14)
      objectReference: {fileID: 0}
    m_RemovedComponents: []
  m_SourcePrefab: {fileID: 100100000, guid: 4bc900372d6437041b4b736b0a2874ab, type: 3}
--- !u!4 &6333449428710622653 stripped
Transform:
  m_CorrespondingSourceObject: {fileID: 7982373436722767595, guid: 4bc900372d6437041b4b736b0a2874ab,
    type: 3}
  m_PrefabInstance: {fileID: 4117408168813618006}
  m_PrefabAsset: {fileID: 0}
--- !u!1001 &4196218760649954774
PrefabInstance:
  m_ObjectHideFlags: 0
  serializedVersion: 2
  m_Modification:
    m_TransformParent: {fileID: 1190892611535984077}
    m_Modifications:
    - target: {fileID: 7982373436722767595, guid: 4bc900372d6437041b4b736b0a2874ab,
        type: 3}
      propertyPath: m_LocalPosition.x
      value: 117.5
      objectReference: {fileID: 0}
    - target: {fileID: 7982373436722767595, guid: 4bc900372d6437041b4b736b0a2874ab,
        type: 3}
      propertyPath: m_LocalPosition.y
      value: -1.3
      objectReference: {fileID: 0}
    - target: {fileID: 7982373436722767595, guid: 4bc900372d6437041b4b736b0a2874ab,
        type: 3}
      propertyPath: m_LocalPosition.z
      value: 0
      objectReference: {fileID: 0}
    - target: {fileID: 7982373436722767595, guid: 4bc900372d6437041b4b736b0a2874ab,
        type: 3}
      propertyPath: m_LocalRotation.x
      value: -0
      objectReference: {fileID: 0}
    - target: {fileID: 7982373436722767595, guid: 4bc900372d6437041b4b736b0a2874ab,
        type: 3}
      propertyPath: m_LocalRotation.y
      value: -0
      objectReference: {fileID: 0}
    - target: {fileID: 7982373436722767595, guid: 4bc900372d6437041b4b736b0a2874ab,
        type: 3}
      propertyPath: m_LocalRotation.z
      value: -0
      objectReference: {fileID: 0}
    - target: {fileID: 7982373436722767595, guid: 4bc900372d6437041b4b736b0a2874ab,
        type: 3}
      propertyPath: m_LocalRotation.w
      value: 1
      objectReference: {fileID: 0}
    - target: {fileID: 7982373436722767595, guid: 4bc900372d6437041b4b736b0a2874ab,
        type: 3}
      propertyPath: m_RootOrder
      value: 15
      objectReference: {fileID: 0}
    - target: {fileID: 7982373436722767595, guid: 4bc900372d6437041b4b736b0a2874ab,
        type: 3}
      propertyPath: m_LocalEulerAnglesHint.x
      value: 0
      objectReference: {fileID: 0}
    - target: {fileID: 7982373436722767595, guid: 4bc900372d6437041b4b736b0a2874ab,
        type: 3}
      propertyPath: m_LocalEulerAnglesHint.y
      value: 0
      objectReference: {fileID: 0}
    - target: {fileID: 7982373436722767595, guid: 4bc900372d6437041b4b736b0a2874ab,
        type: 3}
      propertyPath: m_LocalEulerAnglesHint.z
      value: 0
      objectReference: {fileID: 0}
    - target: {fileID: 7982373436722767599, guid: 4bc900372d6437041b4b736b0a2874ab,
        type: 3}
      propertyPath: m_Name
      value: Baloon (10)
      objectReference: {fileID: 0}
    m_RemovedComponents: []
  m_SourcePrefab: {fileID: 100100000, guid: 4bc900372d6437041b4b736b0a2874ab, type: 3}
--- !u!4 &6124016862570296125 stripped
Transform:
  m_CorrespondingSourceObject: {fileID: 7982373436722767595, guid: 4bc900372d6437041b4b736b0a2874ab,
    type: 3}
  m_PrefabInstance: {fileID: 4196218760649954774}
  m_PrefabAsset: {fileID: 0}
--- !u!1001 &4758654325840325916
PrefabInstance:
  m_ObjectHideFlags: 0
  serializedVersion: 2
  m_Modification:
    m_TransformParent: {fileID: 1190892611535984077}
    m_Modifications:
    - target: {fileID: 7982373436722767595, guid: 4bc900372d6437041b4b736b0a2874ab,
        type: 3}
      propertyPath: m_LocalPosition.x
      value: 216.2
      objectReference: {fileID: 0}
    - target: {fileID: 7982373436722767595, guid: 4bc900372d6437041b4b736b0a2874ab,
        type: 3}
      propertyPath: m_LocalPosition.y
      value: 0.3
      objectReference: {fileID: 0}
    - target: {fileID: 7982373436722767595, guid: 4bc900372d6437041b4b736b0a2874ab,
        type: 3}
      propertyPath: m_LocalPosition.z
      value: 0
      objectReference: {fileID: 0}
    - target: {fileID: 7982373436722767595, guid: 4bc900372d6437041b4b736b0a2874ab,
        type: 3}
      propertyPath: m_LocalRotation.x
      value: -0
      objectReference: {fileID: 0}
    - target: {fileID: 7982373436722767595, guid: 4bc900372d6437041b4b736b0a2874ab,
        type: 3}
      propertyPath: m_LocalRotation.y
      value: -0
      objectReference: {fileID: 0}
    - target: {fileID: 7982373436722767595, guid: 4bc900372d6437041b4b736b0a2874ab,
        type: 3}
      propertyPath: m_LocalRotation.z
      value: -0
      objectReference: {fileID: 0}
    - target: {fileID: 7982373436722767595, guid: 4bc900372d6437041b4b736b0a2874ab,
        type: 3}
      propertyPath: m_LocalRotation.w
      value: 1
      objectReference: {fileID: 0}
    - target: {fileID: 7982373436722767595, guid: 4bc900372d6437041b4b736b0a2874ab,
        type: 3}
      propertyPath: m_RootOrder
      value: 7
      objectReference: {fileID: 0}
    - target: {fileID: 7982373436722767595, guid: 4bc900372d6437041b4b736b0a2874ab,
        type: 3}
      propertyPath: m_LocalEulerAnglesHint.x
      value: 0
      objectReference: {fileID: 0}
    - target: {fileID: 7982373436722767595, guid: 4bc900372d6437041b4b736b0a2874ab,
        type: 3}
      propertyPath: m_LocalEulerAnglesHint.y
      value: 0
      objectReference: {fileID: 0}
    - target: {fileID: 7982373436722767595, guid: 4bc900372d6437041b4b736b0a2874ab,
        type: 3}
      propertyPath: m_LocalEulerAnglesHint.z
      value: 0
      objectReference: {fileID: 0}
    - target: {fileID: 7982373436722767599, guid: 4bc900372d6437041b4b736b0a2874ab,
        type: 3}
      propertyPath: m_Name
      value: Baloon (3)
      objectReference: {fileID: 0}
    m_RemovedComponents: []
  m_SourcePrefab: {fileID: 100100000, guid: 4bc900372d6437041b4b736b0a2874ab, type: 3}
--- !u!4 &3228294492986100727 stripped
Transform:
  m_CorrespondingSourceObject: {fileID: 7982373436722767595, guid: 4bc900372d6437041b4b736b0a2874ab,
    type: 3}
  m_PrefabInstance: {fileID: 4758654325840325916}
  m_PrefabAsset: {fileID: 0}
--- !u!1001 &4844175269682731558
PrefabInstance:
  m_ObjectHideFlags: 0
  serializedVersion: 2
  m_Modification:
    m_TransformParent: {fileID: 1190892611535984077}
    m_Modifications:
    - target: {fileID: 7982373436722767595, guid: 4bc900372d6437041b4b736b0a2874ab,
        type: 3}
      propertyPath: m_LocalPosition.x
      value: 26
      objectReference: {fileID: 0}
    - target: {fileID: 7982373436722767595, guid: 4bc900372d6437041b4b736b0a2874ab,
        type: 3}
      propertyPath: m_LocalPosition.y
      value: 10.3
      objectReference: {fileID: 0}
    - target: {fileID: 7982373436722767595, guid: 4bc900372d6437041b4b736b0a2874ab,
        type: 3}
      propertyPath: m_LocalPosition.z
      value: 0
      objectReference: {fileID: 0}
    - target: {fileID: 7982373436722767595, guid: 4bc900372d6437041b4b736b0a2874ab,
        type: 3}
      propertyPath: m_LocalRotation.x
      value: -0
      objectReference: {fileID: 0}
    - target: {fileID: 7982373436722767595, guid: 4bc900372d6437041b4b736b0a2874ab,
        type: 3}
      propertyPath: m_LocalRotation.y
      value: -0
      objectReference: {fileID: 0}
    - target: {fileID: 7982373436722767595, guid: 4bc900372d6437041b4b736b0a2874ab,
        type: 3}
      propertyPath: m_LocalRotation.z
      value: -0
      objectReference: {fileID: 0}
    - target: {fileID: 7982373436722767595, guid: 4bc900372d6437041b4b736b0a2874ab,
        type: 3}
      propertyPath: m_LocalRotation.w
      value: 1
      objectReference: {fileID: 0}
    - target: {fileID: 7982373436722767595, guid: 4bc900372d6437041b4b736b0a2874ab,
        type: 3}
      propertyPath: m_RootOrder
      value: 13
      objectReference: {fileID: 0}
    - target: {fileID: 7982373436722767595, guid: 4bc900372d6437041b4b736b0a2874ab,
        type: 3}
      propertyPath: m_LocalEulerAnglesHint.x
      value: 0
      objectReference: {fileID: 0}
    - target: {fileID: 7982373436722767595, guid: 4bc900372d6437041b4b736b0a2874ab,
        type: 3}
      propertyPath: m_LocalEulerAnglesHint.y
      value: 0
      objectReference: {fileID: 0}
    - target: {fileID: 7982373436722767595, guid: 4bc900372d6437041b4b736b0a2874ab,
        type: 3}
      propertyPath: m_LocalEulerAnglesHint.z
      value: 0
      objectReference: {fileID: 0}
    - target: {fileID: 7982373436722767599, guid: 4bc900372d6437041b4b736b0a2874ab,
        type: 3}
      propertyPath: m_Name
      value: Baloon (9)
      objectReference: {fileID: 0}
    m_RemovedComponents: []
  m_SourcePrefab: {fileID: 100100000, guid: 4bc900372d6437041b4b736b0a2874ab, type: 3}
--- !u!4 &3314334758773996749 stripped
Transform:
  m_CorrespondingSourceObject: {fileID: 7982373436722767595, guid: 4bc900372d6437041b4b736b0a2874ab,
    type: 3}
  m_PrefabInstance: {fileID: 4844175269682731558}
  m_PrefabAsset: {fileID: 0}
--- !u!1001 &6157283723114599123
PrefabInstance:
  m_ObjectHideFlags: 0
  serializedVersion: 2
  m_Modification:
    m_TransformParent: {fileID: 1190892611535984077}
    m_Modifications:
    - target: {fileID: 7982373436722767595, guid: 4bc900372d6437041b4b736b0a2874ab,
        type: 3}
      propertyPath: m_LocalPosition.x
      value: 216.2
      objectReference: {fileID: 0}
    - target: {fileID: 7982373436722767595, guid: 4bc900372d6437041b4b736b0a2874ab,
        type: 3}
      propertyPath: m_LocalPosition.y
      value: -9.7
      objectReference: {fileID: 0}
    - target: {fileID: 7982373436722767595, guid: 4bc900372d6437041b4b736b0a2874ab,
        type: 3}
      propertyPath: m_LocalPosition.z
      value: 0
      objectReference: {fileID: 0}
    - target: {fileID: 7982373436722767595, guid: 4bc900372d6437041b4b736b0a2874ab,
        type: 3}
      propertyPath: m_LocalRotation.x
      value: -0
      objectReference: {fileID: 0}
    - target: {fileID: 7982373436722767595, guid: 4bc900372d6437041b4b736b0a2874ab,
        type: 3}
      propertyPath: m_LocalRotation.y
      value: -0
      objectReference: {fileID: 0}
    - target: {fileID: 7982373436722767595, guid: 4bc900372d6437041b4b736b0a2874ab,
        type: 3}
      propertyPath: m_LocalRotation.z
      value: -0
      objectReference: {fileID: 0}
    - target: {fileID: 7982373436722767595, guid: 4bc900372d6437041b4b736b0a2874ab,
        type: 3}
      propertyPath: m_LocalRotation.w
      value: 1
      objectReference: {fileID: 0}
    - target: {fileID: 7982373436722767595, guid: 4bc900372d6437041b4b736b0a2874ab,
        type: 3}
      propertyPath: m_RootOrder
      value: 8
      objectReference: {fileID: 0}
    - target: {fileID: 7982373436722767595, guid: 4bc900372d6437041b4b736b0a2874ab,
        type: 3}
      propertyPath: m_LocalEulerAnglesHint.x
      value: 0
      objectReference: {fileID: 0}
    - target: {fileID: 7982373436722767595, guid: 4bc900372d6437041b4b736b0a2874ab,
        type: 3}
      propertyPath: m_LocalEulerAnglesHint.y
      value: 0
      objectReference: {fileID: 0}
    - target: {fileID: 7982373436722767595, guid: 4bc900372d6437041b4b736b0a2874ab,
        type: 3}
      propertyPath: m_LocalEulerAnglesHint.z
      value: 0
      objectReference: {fileID: 0}
    - target: {fileID: 7982373436722767599, guid: 4bc900372d6437041b4b736b0a2874ab,
        type: 3}
      propertyPath: m_Name
      value: Baloon (4)
      objectReference: {fileID: 0}
    m_RemovedComponents: []
  m_SourcePrefab: {fileID: 100100000, guid: 4bc900372d6437041b4b736b0a2874ab, type: 3}
--- !u!4 &4302070919609037880 stripped
Transform:
  m_CorrespondingSourceObject: {fileID: 7982373436722767595, guid: 4bc900372d6437041b4b736b0a2874ab,
    type: 3}
  m_PrefabInstance: {fileID: 6157283723114599123}
  m_PrefabAsset: {fileID: 0}
--- !u!1001 &6249454036196469090
PrefabInstance:
  m_ObjectHideFlags: 0
  serializedVersion: 2
  m_Modification:
    m_TransformParent: {fileID: 1190892611535984077}
    m_Modifications:
    - target: {fileID: 7982373436722767595, guid: 4bc900372d6437041b4b736b0a2874ab,
        type: 3}
      propertyPath: m_LocalPosition.x
      value: 136.4
      objectReference: {fileID: 0}
    - target: {fileID: 7982373436722767595, guid: 4bc900372d6437041b4b736b0a2874ab,
        type: 3}
      propertyPath: m_LocalPosition.y
      value: -21.8
      objectReference: {fileID: 0}
    - target: {fileID: 7982373436722767595, guid: 4bc900372d6437041b4b736b0a2874ab,
        type: 3}
      propertyPath: m_LocalPosition.z
      value: 0
      objectReference: {fileID: 0}
    - target: {fileID: 7982373436722767595, guid: 4bc900372d6437041b4b736b0a2874ab,
        type: 3}
      propertyPath: m_LocalRotation.x
      value: -0
      objectReference: {fileID: 0}
    - target: {fileID: 7982373436722767595, guid: 4bc900372d6437041b4b736b0a2874ab,
        type: 3}
      propertyPath: m_LocalRotation.y
      value: -0
      objectReference: {fileID: 0}
    - target: {fileID: 7982373436722767595, guid: 4bc900372d6437041b4b736b0a2874ab,
        type: 3}
      propertyPath: m_LocalRotation.z
      value: -0
      objectReference: {fileID: 0}
    - target: {fileID: 7982373436722767595, guid: 4bc900372d6437041b4b736b0a2874ab,
        type: 3}
      propertyPath: m_LocalRotation.w
      value: 1
      objectReference: {fileID: 0}
    - target: {fileID: 7982373436722767595, guid: 4bc900372d6437041b4b736b0a2874ab,
        type: 3}
      propertyPath: m_RootOrder
      value: 4
      objectReference: {fileID: 0}
    - target: {fileID: 7982373436722767595, guid: 4bc900372d6437041b4b736b0a2874ab,
        type: 3}
      propertyPath: m_LocalEulerAnglesHint.x
      value: 0
      objectReference: {fileID: 0}
    - target: {fileID: 7982373436722767595, guid: 4bc900372d6437041b4b736b0a2874ab,
        type: 3}
      propertyPath: m_LocalEulerAnglesHint.y
      value: 0
      objectReference: {fileID: 0}
    - target: {fileID: 7982373436722767595, guid: 4bc900372d6437041b4b736b0a2874ab,
        type: 3}
      propertyPath: m_LocalEulerAnglesHint.z
      value: 0
      objectReference: {fileID: 0}
    - target: {fileID: 7982373436722767599, guid: 4bc900372d6437041b4b736b0a2874ab,
        type: 3}
      propertyPath: m_Name
      value: Baloon
      objectReference: {fileID: 0}
    m_RemovedComponents: []
  m_SourcePrefab: {fileID: 100100000, guid: 4bc900372d6437041b4b736b0a2874ab, type: 3}
--- !u!4 &4070571320440573833 stripped
Transform:
  m_CorrespondingSourceObject: {fileID: 7982373436722767595, guid: 4bc900372d6437041b4b736b0a2874ab,
    type: 3}
  m_PrefabInstance: {fileID: 6249454036196469090}
  m_PrefabAsset: {fileID: 0}
--- !u!1001 &8085918934615714333
PrefabInstance:
  m_ObjectHideFlags: 0
  serializedVersion: 2
  m_Modification:
    m_TransformParent: {fileID: 1190892611535984077}
    m_Modifications:
    - target: {fileID: 3184070305699636475, guid: f69a970382efb014b8ffd2bc7adf90a7,
        type: 3}
      propertyPath: m_Name
      value: SpikeFish (1)
      objectReference: {fileID: 0}
    - target: {fileID: 3184070305699636477, guid: f69a970382efb014b8ffd2bc7adf90a7,
        type: 3}
      propertyPath: m_LocalPosition.x
      value: 175.3
      objectReference: {fileID: 0}
    - target: {fileID: 3184070305699636477, guid: f69a970382efb014b8ffd2bc7adf90a7,
        type: 3}
      propertyPath: m_LocalPosition.y
      value: 3.2
      objectReference: {fileID: 0}
    - target: {fileID: 3184070305699636477, guid: f69a970382efb014b8ffd2bc7adf90a7,
        type: 3}
      propertyPath: m_LocalPosition.z
      value: 0
      objectReference: {fileID: 0}
    - target: {fileID: 3184070305699636477, guid: f69a970382efb014b8ffd2bc7adf90a7,
        type: 3}
      propertyPath: m_LocalRotation.x
      value: -0
      objectReference: {fileID: 0}
    - target: {fileID: 3184070305699636477, guid: f69a970382efb014b8ffd2bc7adf90a7,
        type: 3}
      propertyPath: m_LocalRotation.y
      value: -0
      objectReference: {fileID: 0}
    - target: {fileID: 3184070305699636477, guid: f69a970382efb014b8ffd2bc7adf90a7,
        type: 3}
      propertyPath: m_LocalRotation.z
      value: -0
      objectReference: {fileID: 0}
    - target: {fileID: 3184070305699636477, guid: f69a970382efb014b8ffd2bc7adf90a7,
        type: 3}
      propertyPath: m_LocalRotation.w
      value: 1
      objectReference: {fileID: 0}
    - target: {fileID: 3184070305699636477, guid: f69a970382efb014b8ffd2bc7adf90a7,
        type: 3}
      propertyPath: m_RootOrder
      value: 3
      objectReference: {fileID: 0}
    - target: {fileID: 3184070305699636477, guid: f69a970382efb014b8ffd2bc7adf90a7,
        type: 3}
      propertyPath: m_LocalEulerAnglesHint.x
      value: 0
      objectReference: {fileID: 0}
    - target: {fileID: 3184070305699636477, guid: f69a970382efb014b8ffd2bc7adf90a7,
        type: 3}
      propertyPath: m_LocalEulerAnglesHint.y
      value: 0
      objectReference: {fileID: 0}
    - target: {fileID: 3184070305699636477, guid: f69a970382efb014b8ffd2bc7adf90a7,
        type: 3}
      propertyPath: m_LocalEulerAnglesHint.z
      value: 0
      objectReference: {fileID: 0}
    m_RemovedComponents: []
  m_SourcePrefab: {fileID: 100100000, guid: f69a970382efb014b8ffd2bc7adf90a7, type: 3}
--- !u!4 &6631237625804443360 stripped
Transform:
  m_CorrespondingSourceObject: {fileID: 3184070305699636477, guid: f69a970382efb014b8ffd2bc7adf90a7,
    type: 3}
  m_PrefabInstance: {fileID: 8085918934615714333}
  m_PrefabAsset: {fileID: 0}
--- !u!1001 &8828260391622800396
PrefabInstance:
  m_ObjectHideFlags: 0
  serializedVersion: 2
  m_Modification:
    m_TransformParent: {fileID: 1190892611535984077}
    m_Modifications:
    - target: {fileID: 7982373436722767595, guid: 4bc900372d6437041b4b736b0a2874ab,
        type: 3}
      propertyPath: m_LocalPosition.x
      value: 216.2
      objectReference: {fileID: 0}
    - target: {fileID: 7982373436722767595, guid: 4bc900372d6437041b4b736b0a2874ab,
        type: 3}
      propertyPath: m_LocalPosition.y
      value: -19.1
      objectReference: {fileID: 0}
    - target: {fileID: 7982373436722767595, guid: 4bc900372d6437041b4b736b0a2874ab,
        type: 3}
      propertyPath: m_LocalPosition.z
      value: 0
      objectReference: {fileID: 0}
    - target: {fileID: 7982373436722767595, guid: 4bc900372d6437041b4b736b0a2874ab,
        type: 3}
      propertyPath: m_LocalRotation.x
      value: -0
      objectReference: {fileID: 0}
    - target: {fileID: 7982373436722767595, guid: 4bc900372d6437041b4b736b0a2874ab,
        type: 3}
      propertyPath: m_LocalRotation.y
      value: -0
      objectReference: {fileID: 0}
    - target: {fileID: 7982373436722767595, guid: 4bc900372d6437041b4b736b0a2874ab,
        type: 3}
      propertyPath: m_LocalRotation.z
      value: -0
      objectReference: {fileID: 0}
    - target: {fileID: 7982373436722767595, guid: 4bc900372d6437041b4b736b0a2874ab,
        type: 3}
      propertyPath: m_LocalRotation.w
      value: 1
      objectReference: {fileID: 0}
    - target: {fileID: 7982373436722767595, guid: 4bc900372d6437041b4b736b0a2874ab,
        type: 3}
      propertyPath: m_RootOrder
      value: 9
      objectReference: {fileID: 0}
    - target: {fileID: 7982373436722767595, guid: 4bc900372d6437041b4b736b0a2874ab,
        type: 3}
      propertyPath: m_LocalEulerAnglesHint.x
      value: 0
      objectReference: {fileID: 0}
    - target: {fileID: 7982373436722767595, guid: 4bc900372d6437041b4b736b0a2874ab,
        type: 3}
      propertyPath: m_LocalEulerAnglesHint.y
      value: 0
      objectReference: {fileID: 0}
    - target: {fileID: 7982373436722767595, guid: 4bc900372d6437041b4b736b0a2874ab,
        type: 3}
      propertyPath: m_LocalEulerAnglesHint.z
      value: 0
      objectReference: {fileID: 0}
    - target: {fileID: 7982373436722767599, guid: 4bc900372d6437041b4b736b0a2874ab,
        type: 3}
      propertyPath: m_Name
      value: Baloon (5)
      objectReference: {fileID: 0}
    m_RemovedComponents: []
  m_SourcePrefab: {fileID: 100100000, guid: 4bc900372d6437041b4b736b0a2874ab, type: 3}
--- !u!4 &1460114421132825319 stripped
Transform:
  m_CorrespondingSourceObject: {fileID: 7982373436722767595, guid: 4bc900372d6437041b4b736b0a2874ab,
    type: 3}
  m_PrefabInstance: {fileID: 8828260391622800396}
  m_PrefabAsset: {fileID: 0}
--- !u!1001 &8869715529805701319
PrefabInstance:
  m_ObjectHideFlags: 0
  serializedVersion: 2
  m_Modification:
    m_TransformParent: {fileID: 1190892611535984077}
    m_Modifications:
    - target: {fileID: 3151022685275869735, guid: f69a970382efb014b8ffd2bc7adf90a7,
        type: 3}
      propertyPath: m_LocalScale.x
      value: 1.5
      objectReference: {fileID: 0}
    - target: {fileID: 3151022685275869735, guid: f69a970382efb014b8ffd2bc7adf90a7,
        type: 3}
      propertyPath: m_LocalScale.y
      value: 1.5
      objectReference: {fileID: 0}
    - target: {fileID: 3151022685275869735, guid: f69a970382efb014b8ffd2bc7adf90a7,
        type: 3}
      propertyPath: m_LocalScale.z
      value: 1.5
      objectReference: {fileID: 0}
    - target: {fileID: 3184070305699636475, guid: f69a970382efb014b8ffd2bc7adf90a7,
        type: 3}
      propertyPath: m_Name
      value: SpikeFish
      objectReference: {fileID: 0}
    - target: {fileID: 3184070305699636477, guid: f69a970382efb014b8ffd2bc7adf90a7,
        type: 3}
      propertyPath: m_LocalPosition.x
      value: 49.72
      objectReference: {fileID: 0}
    - target: {fileID: 3184070305699636477, guid: f69a970382efb014b8ffd2bc7adf90a7,
        type: 3}
      propertyPath: m_LocalPosition.y
      value: 4.29
      objectReference: {fileID: 0}
    - target: {fileID: 3184070305699636477, guid: f69a970382efb014b8ffd2bc7adf90a7,
        type: 3}
      propertyPath: m_LocalPosition.z
      value: 0
      objectReference: {fileID: 0}
    - target: {fileID: 3184070305699636477, guid: f69a970382efb014b8ffd2bc7adf90a7,
        type: 3}
      propertyPath: m_LocalRotation.x
      value: -0
      objectReference: {fileID: 0}
    - target: {fileID: 3184070305699636477, guid: f69a970382efb014b8ffd2bc7adf90a7,
        type: 3}
      propertyPath: m_LocalRotation.y
      value: -0
      objectReference: {fileID: 0}
    - target: {fileID: 3184070305699636477, guid: f69a970382efb014b8ffd2bc7adf90a7,
        type: 3}
      propertyPath: m_LocalRotation.z
      value: -0
      objectReference: {fileID: 0}
    - target: {fileID: 3184070305699636477, guid: f69a970382efb014b8ffd2bc7adf90a7,
        type: 3}
      propertyPath: m_LocalRotation.w
      value: 1
      objectReference: {fileID: 0}
    - target: {fileID: 3184070305699636477, guid: f69a970382efb014b8ffd2bc7adf90a7,
        type: 3}
      propertyPath: m_RootOrder
      value: 2
      objectReference: {fileID: 0}
    - target: {fileID: 3184070305699636477, guid: f69a970382efb014b8ffd2bc7adf90a7,
        type: 3}
      propertyPath: m_LocalEulerAnglesHint.x
      value: 0
      objectReference: {fileID: 0}
    - target: {fileID: 3184070305699636477, guid: f69a970382efb014b8ffd2bc7adf90a7,
        type: 3}
      propertyPath: m_LocalEulerAnglesHint.y
      value: 0
      objectReference: {fileID: 0}
    - target: {fileID: 3184070305699636477, guid: f69a970382efb014b8ffd2bc7adf90a7,
        type: 3}
      propertyPath: m_LocalEulerAnglesHint.z
      value: 0
      objectReference: {fileID: 0}
    m_RemovedComponents: []
  m_SourcePrefab: {fileID: 100100000, guid: f69a970382efb014b8ffd2bc7adf90a7, type: 3}
--- !u!4 &6280155697905468474 stripped
Transform:
  m_CorrespondingSourceObject: {fileID: 3184070305699636477, guid: f69a970382efb014b8ffd2bc7adf90a7,
    type: 3}
  m_PrefabInstance: {fileID: 8869715529805701319}
  m_PrefabAsset: {fileID: 0}
--- !u!1001 &8979657472899957399
PrefabInstance:
  m_ObjectHideFlags: 0
  serializedVersion: 2
  m_Modification:
    m_TransformParent: {fileID: 1190892611535984077}
    m_Modifications:
    - target: {fileID: 7982373436722767595, guid: 4bc900372d6437041b4b736b0a2874ab,
        type: 3}
      propertyPath: m_LocalPosition.x
      value: 26
      objectReference: {fileID: 0}
    - target: {fileID: 7982373436722767595, guid: 4bc900372d6437041b4b736b0a2874ab,
        type: 3}
      propertyPath: m_LocalPosition.y
      value: -0.1
      objectReference: {fileID: 0}
    - target: {fileID: 7982373436722767595, guid: 4bc900372d6437041b4b736b0a2874ab,
        type: 3}
      propertyPath: m_LocalPosition.z
      value: 0
      objectReference: {fileID: 0}
    - target: {fileID: 7982373436722767595, guid: 4bc900372d6437041b4b736b0a2874ab,
        type: 3}
      propertyPath: m_LocalRotation.x
      value: -0
      objectReference: {fileID: 0}
    - target: {fileID: 7982373436722767595, guid: 4bc900372d6437041b4b736b0a2874ab,
        type: 3}
      propertyPath: m_LocalRotation.y
      value: -0
      objectReference: {fileID: 0}
    - target: {fileID: 7982373436722767595, guid: 4bc900372d6437041b4b736b0a2874ab,
        type: 3}
      propertyPath: m_LocalRotation.z
      value: -0
      objectReference: {fileID: 0}
    - target: {fileID: 7982373436722767595, guid: 4bc900372d6437041b4b736b0a2874ab,
        type: 3}
      propertyPath: m_LocalRotation.w
      value: 1
      objectReference: {fileID: 0}
    - target: {fileID: 7982373436722767595, guid: 4bc900372d6437041b4b736b0a2874ab,
        type: 3}
      propertyPath: m_RootOrder
      value: 12
      objectReference: {fileID: 0}
    - target: {fileID: 7982373436722767595, guid: 4bc900372d6437041b4b736b0a2874ab,
        type: 3}
      propertyPath: m_LocalEulerAnglesHint.x
      value: 0
      objectReference: {fileID: 0}
    - target: {fileID: 7982373436722767595, guid: 4bc900372d6437041b4b736b0a2874ab,
        type: 3}
      propertyPath: m_LocalEulerAnglesHint.y
      value: 0
      objectReference: {fileID: 0}
    - target: {fileID: 7982373436722767595, guid: 4bc900372d6437041b4b736b0a2874ab,
        type: 3}
      propertyPath: m_LocalEulerAnglesHint.z
      value: 0
      objectReference: {fileID: 0}
    - target: {fileID: 7982373436722767599, guid: 4bc900372d6437041b4b736b0a2874ab,
        type: 3}
      propertyPath: m_Name
      value: Baloon (8)
      objectReference: {fileID: 0}
    m_RemovedComponents: []
  m_SourcePrefab: {fileID: 100100000, guid: 4bc900372d6437041b4b736b0a2874ab, type: 3}
--- !u!4 &1322141550104126588 stripped
Transform:
  m_CorrespondingSourceObject: {fileID: 7982373436722767595, guid: 4bc900372d6437041b4b736b0a2874ab,
    type: 3}
  m_PrefabInstance: {fileID: 8979657472899957399}
  m_PrefabAsset: {fileID: 0}
--- !u!1001 &8992896788548103549
PrefabInstance:
  m_ObjectHideFlags: 0
  serializedVersion: 2
  m_Modification:
    m_TransformParent: {fileID: 1190892611535984077}
    m_Modifications:
    - target: {fileID: 7982373436722767595, guid: 4bc900372d6437041b4b736b0a2874ab,
        type: 3}
      propertyPath: m_LocalPosition.x
      value: 147.5
      objectReference: {fileID: 0}
    - target: {fileID: 7982373436722767595, guid: 4bc900372d6437041b4b736b0a2874ab,
        type: 3}
      propertyPath: m_LocalPosition.y
      value: -13.9
      objectReference: {fileID: 0}
    - target: {fileID: 7982373436722767595, guid: 4bc900372d6437041b4b736b0a2874ab,
        type: 3}
      propertyPath: m_LocalPosition.z
      value: 0
      objectReference: {fileID: 0}
    - target: {fileID: 7982373436722767595, guid: 4bc900372d6437041b4b736b0a2874ab,
        type: 3}
      propertyPath: m_LocalRotation.x
      value: -0
      objectReference: {fileID: 0}
    - target: {fileID: 7982373436722767595, guid: 4bc900372d6437041b4b736b0a2874ab,
        type: 3}
      propertyPath: m_LocalRotation.y
      value: -0
      objectReference: {fileID: 0}
    - target: {fileID: 7982373436722767595, guid: 4bc900372d6437041b4b736b0a2874ab,
        type: 3}
      propertyPath: m_LocalRotation.z
      value: -0
      objectReference: {fileID: 0}
    - target: {fileID: 7982373436722767595, guid: 4bc900372d6437041b4b736b0a2874ab,
        type: 3}
      propertyPath: m_LocalRotation.w
      value: 1
      objectReference: {fileID: 0}
    - target: {fileID: 7982373436722767595, guid: 4bc900372d6437041b4b736b0a2874ab,
        type: 3}
      propertyPath: m_RootOrder
      value: 5
      objectReference: {fileID: 0}
    - target: {fileID: 7982373436722767595, guid: 4bc900372d6437041b4b736b0a2874ab,
        type: 3}
      propertyPath: m_LocalEulerAnglesHint.x
      value: 0
      objectReference: {fileID: 0}
    - target: {fileID: 7982373436722767595, guid: 4bc900372d6437041b4b736b0a2874ab,
        type: 3}
      propertyPath: m_LocalEulerAnglesHint.y
      value: 0
      objectReference: {fileID: 0}
    - target: {fileID: 7982373436722767595, guid: 4bc900372d6437041b4b736b0a2874ab,
        type: 3}
      propertyPath: m_LocalEulerAnglesHint.z
      value: 0
      objectReference: {fileID: 0}
    - target: {fileID: 7982373436722767599, guid: 4bc900372d6437041b4b736b0a2874ab,
        type: 3}
      propertyPath: m_Name
      value: Baloon (1)
      objectReference: {fileID: 0}
    m_RemovedComponents: []
  m_SourcePrefab: {fileID: 100100000, guid: 4bc900372d6437041b4b736b0a2874ab, type: 3}
--- !u!4 &1299914813609528214 stripped
Transform:
  m_CorrespondingSourceObject: {fileID: 7982373436722767595, guid: 4bc900372d6437041b4b736b0a2874ab,
    type: 3}
  m_PrefabInstance: {fileID: 8992896788548103549}
  m_PrefabAsset: {fileID: 0}
--- !u!1001 &9066115117274249096
PrefabInstance:
  m_ObjectHideFlags: 0
  serializedVersion: 2
  m_Modification:
    m_TransformParent: {fileID: 1190892611535984077}
    m_Modifications:
    - target: {fileID: 7982373436722767595, guid: 4bc900372d6437041b4b736b0a2874ab,
        type: 3}
      propertyPath: m_LocalPosition.x
      value: 75.2
      objectReference: {fileID: 0}
    - target: {fileID: 7982373436722767595, guid: 4bc900372d6437041b4b736b0a2874ab,
        type: 3}
      propertyPath: m_LocalPosition.y
      value: 10.3
      objectReference: {fileID: 0}
    - target: {fileID: 7982373436722767595, guid: 4bc900372d6437041b4b736b0a2874ab,
        type: 3}
      propertyPath: m_LocalPosition.z
      value: 0
      objectReference: {fileID: 0}
    - target: {fileID: 7982373436722767595, guid: 4bc900372d6437041b4b736b0a2874ab,
        type: 3}
      propertyPath: m_LocalRotation.x
      value: -0
      objectReference: {fileID: 0}
    - target: {fileID: 7982373436722767595, guid: 4bc900372d6437041b4b736b0a2874ab,
        type: 3}
      propertyPath: m_LocalRotation.y
      value: -0
      objectReference: {fileID: 0}
    - target: {fileID: 7982373436722767595, guid: 4bc900372d6437041b4b736b0a2874ab,
        type: 3}
      propertyPath: m_LocalRotation.z
      value: -0
      objectReference: {fileID: 0}
    - target: {fileID: 7982373436722767595, guid: 4bc900372d6437041b4b736b0a2874ab,
        type: 3}
      propertyPath: m_LocalRotation.w
      value: 1
      objectReference: {fileID: 0}
    - target: {fileID: 7982373436722767595, guid: 4bc900372d6437041b4b736b0a2874ab,
        type: 3}
      propertyPath: m_RootOrder
      value: 11
      objectReference: {fileID: 0}
    - target: {fileID: 7982373436722767595, guid: 4bc900372d6437041b4b736b0a2874ab,
        type: 3}
      propertyPath: m_LocalEulerAnglesHint.x
      value: 0
      objectReference: {fileID: 0}
    - target: {fileID: 7982373436722767595, guid: 4bc900372d6437041b4b736b0a2874ab,
        type: 3}
      propertyPath: m_LocalEulerAnglesHint.y
      value: 0
      objectReference: {fileID: 0}
    - target: {fileID: 7982373436722767595, guid: 4bc900372d6437041b4b736b0a2874ab,
        type: 3}
      propertyPath: m_LocalEulerAnglesHint.z
      value: 0
      objectReference: {fileID: 0}
    - target: {fileID: 7982373436722767599, guid: 4bc900372d6437041b4b736b0a2874ab,
        type: 3}
      propertyPath: m_Name
      value: Baloon (7)
      objectReference: {fileID: 0}
    m_RemovedComponents: []
  m_SourcePrefab: {fileID: 100100000, guid: 4bc900372d6437041b4b736b0a2874ab, type: 3}
--- !u!4 &1375385636851274083 stripped
Transform:
  m_CorrespondingSourceObject: {fileID: 7982373436722767595, guid: 4bc900372d6437041b4b736b0a2874ab,
    type: 3}
  m_PrefabInstance: {fileID: 9066115117274249096}
  m_PrefabAsset: {fileID: 0}
--- !u!1001 &9130918613527069012
PrefabInstance:
  m_ObjectHideFlags: 0
  serializedVersion: 2
  m_Modification:
    m_TransformParent: {fileID: 1190892611535984077}
    m_Modifications:
    - target: {fileID: 3184070305699636475, guid: f69a970382efb014b8ffd2bc7adf90a7,
        type: 3}
      propertyPath: m_Name
      value: SpikeFish (2)
      objectReference: {fileID: 0}
    - target: {fileID: 3184070305699636477, guid: f69a970382efb014b8ffd2bc7adf90a7,
        type: 3}
      propertyPath: m_LocalPosition.x
      value: 127.1
      objectReference: {fileID: 0}
    - target: {fileID: 3184070305699636477, guid: f69a970382efb014b8ffd2bc7adf90a7,
        type: 3}
      propertyPath: m_LocalPosition.y
      value: -18.6
      objectReference: {fileID: 0}
    - target: {fileID: 3184070305699636477, guid: f69a970382efb014b8ffd2bc7adf90a7,
        type: 3}
      propertyPath: m_LocalPosition.z
      value: 0
      objectReference: {fileID: 0}
    - target: {fileID: 3184070305699636477, guid: f69a970382efb014b8ffd2bc7adf90a7,
        type: 3}
      propertyPath: m_LocalRotation.x
      value: -0
      objectReference: {fileID: 0}
    - target: {fileID: 3184070305699636477, guid: f69a970382efb014b8ffd2bc7adf90a7,
        type: 3}
      propertyPath: m_LocalRotation.y
      value: -0
      objectReference: {fileID: 0}
    - target: {fileID: 3184070305699636477, guid: f69a970382efb014b8ffd2bc7adf90a7,
        type: 3}
      propertyPath: m_LocalRotation.z
      value: -0
      objectReference: {fileID: 0}
    - target: {fileID: 3184070305699636477, guid: f69a970382efb014b8ffd2bc7adf90a7,
        type: 3}
      propertyPath: m_LocalRotation.w
      value: 1
      objectReference: {fileID: 0}
    - target: {fileID: 3184070305699636477, guid: f69a970382efb014b8ffd2bc7adf90a7,
        type: 3}
      propertyPath: m_RootOrder
      value: 14
      objectReference: {fileID: 0}
    - target: {fileID: 3184070305699636477, guid: f69a970382efb014b8ffd2bc7adf90a7,
        type: 3}
      propertyPath: m_LocalEulerAnglesHint.x
      value: 0
      objectReference: {fileID: 0}
    - target: {fileID: 3184070305699636477, guid: f69a970382efb014b8ffd2bc7adf90a7,
        type: 3}
      propertyPath: m_LocalEulerAnglesHint.y
      value: 0
      objectReference: {fileID: 0}
    - target: {fileID: 3184070305699636477, guid: f69a970382efb014b8ffd2bc7adf90a7,
        type: 3}
      propertyPath: m_LocalEulerAnglesHint.z
      value: 0
      objectReference: {fileID: 0}
    m_RemovedComponents: []
  m_SourcePrefab: {fileID: 100100000, guid: f69a970382efb014b8ffd2bc7adf90a7, type: 3}
--- !u!4 &5946894504732665257 stripped
Transform:
  m_CorrespondingSourceObject: {fileID: 3184070305699636477, guid: f69a970382efb014b8ffd2bc7adf90a7,
    type: 3}
  m_PrefabInstance: {fileID: 9130918613527069012}
  m_PrefabAsset: {fileID: 0}
--- !u!1001 &9222601051577101384
PrefabInstance:
  m_ObjectHideFlags: 0
  serializedVersion: 2
  m_Modification:
    m_TransformParent: {fileID: 1190892611535984077}
    m_Modifications:
    - target: {fileID: 7982373436722767595, guid: b53086ab71c45d541b96c37d2759d732,
        type: 3}
      propertyPath: m_LocalPosition.x
      value: 174.88
      objectReference: {fileID: 0}
    - target: {fileID: 7982373436722767595, guid: b53086ab71c45d541b96c37d2759d732,
        type: 3}
      propertyPath: m_LocalPosition.y
      value: 14
      objectReference: {fileID: 0}
    - target: {fileID: 7982373436722767595, guid: b53086ab71c45d541b96c37d2759d732,
        type: 3}
      propertyPath: m_LocalPosition.z
      value: 0
      objectReference: {fileID: 0}
    - target: {fileID: 7982373436722767595, guid: b53086ab71c45d541b96c37d2759d732,
        type: 3}
      propertyPath: m_LocalRotation.x
      value: -0
      objectReference: {fileID: 0}
    - target: {fileID: 7982373436722767595, guid: b53086ab71c45d541b96c37d2759d732,
        type: 3}
      propertyPath: m_LocalRotation.y
      value: -0
      objectReference: {fileID: 0}
    - target: {fileID: 7982373436722767595, guid: b53086ab71c45d541b96c37d2759d732,
        type: 3}
      propertyPath: m_LocalRotation.z
      value: -0
      objectReference: {fileID: 0}
    - target: {fileID: 7982373436722767595, guid: b53086ab71c45d541b96c37d2759d732,
        type: 3}
      propertyPath: m_LocalRotation.w
      value: 1
      objectReference: {fileID: 0}
    - target: {fileID: 7982373436722767595, guid: b53086ab71c45d541b96c37d2759d732,
        type: 3}
      propertyPath: m_RootOrder
      value: 20
      objectReference: {fileID: 0}
    - target: {fileID: 7982373436722767595, guid: b53086ab71c45d541b96c37d2759d732,
        type: 3}
      propertyPath: m_LocalEulerAnglesHint.x
      value: 0
      objectReference: {fileID: 0}
    - target: {fileID: 7982373436722767595, guid: b53086ab71c45d541b96c37d2759d732,
        type: 3}
      propertyPath: m_LocalEulerAnglesHint.y
      value: 0
      objectReference: {fileID: 0}
    - target: {fileID: 7982373436722767595, guid: b53086ab71c45d541b96c37d2759d732,
        type: 3}
      propertyPath: m_LocalEulerAnglesHint.z
      value: 0
      objectReference: {fileID: 0}
    - target: {fileID: 7982373436722767599, guid: b53086ab71c45d541b96c37d2759d732,
        type: 3}
      propertyPath: m_Name
      value: Coin
      objectReference: {fileID: 0}
    m_RemovedComponents: []
  m_SourcePrefab: {fileID: 100100000, guid: b53086ab71c45d541b96c37d2759d732, type: 3}
--- !u!4 &1241397634010860195 stripped
Transform:
  m_CorrespondingSourceObject: {fileID: 7982373436722767595, guid: b53086ab71c45d541b96c37d2759d732,
    type: 3}
  m_PrefabInstance: {fileID: 9222601051577101384}
  m_PrefabAsset: {fileID: 0}
